@misc{psr2017,
    author    	 = {{PSR}},
    title     	 = {Ampliação do Mercado Livre de Energia Elétrica},
    year		 = {2017},
    month		 = 5,
    howpublished = {Available at: \url{http://www.abraceel.com.br/zpublisher/secoes/carta-estudo-psr.asp}},
    note     	 = {Relatório Final. Accessed on March 28, 2018.}
}

@unpublished{mit-dci,
    author    	 = {{DCI} Digital Currency Initiative},
    title     	 = {Blockchain Applications to Solar Panel Energy: Landscape Analysis},
    year		 = {201?},
    institution	 = {Massachusetts Institute of Technology (MIT)},
    howpublished = {Available at: \url{http://dci.mit.edu/assets/papers/15.998_solar.pdf}},
    note     	 = {The url does not work anymore. Accessed on August 2, 2018.}
}

@misc{wien-energie2016,
    author    	 = {{Wien Energie}},
    title     	 = {Wien Energie’s new direction: Powering the digital future},
    year		 = {2016},
    howpublished = {Available at: \url{https://www.wienenergie.at/eportal3/ep/channelView.do/pageTypeId/67860/channelId/-51877}},
    note     	 = {Annual Review 2016. Accessed on August 2, 2018.}
}

@misc{groarke2016,
    author    	 = {David Groarke},
    title     	 = {Utilities and blockchain pilots - a global snapshot},
    day			 = {10},
    month		 = {10},
    year		 = {2016},
    institution  = {Indigo Advisory Group}, 
    howpublished = {Available at: \url{https://www.indigoadvisorygroup.com/blog/2016/10/7/utilities-piloting-blockchain-application-globally}},
    note     	 = {Accessed on September 24, 2017.}
}

@misc{deloitte,
    author    	 = {Deloitte},
    title     	 = {Blockchain applications in energy trading},
    year		 = {2016},
    howpublished = {Available at: \url{https://www2.deloitte.com/global/en/pages/energy-and-resources/articles/role-of-blockchain-in-the-energy-and-resources-industry.html}},
    note     	 = {Accessed on October 24, 2017.}
}

@misc{Brasil-futuroEE,
    author    	 = {Associação Brasileira dos Comercializadores de Energia {ABRACEEL}},
    title     	 = {Brasil - Modelo de geração de energia elétrica e políticas públicas para energias incentivadas},
    day			 = {13},
    month		 = {12},
    year		 = {2016},
    howpublished = {Available at: \url{}},
    note     	 = {Accessed on March 28, 2018.}
}

@misc{BIG2,
    author    	 = {ANEEL},
    title     	 = {Banco de Informações de Geração (BIG)},
    year		 = {2017},
    howpublished = {Available at: \url{http://www.aneel.gov.br/informacoes-tecnicas/-/asset_publisher/CegkWaVJWF5E/content/big-banco-de-informacoes-de-geracao/655808}},
    note     	 = {Accessed on June 13, 2018.}
}

@misc{ibge-pop,
	title = {Projeção da população do Brasil e das Unidades da Federação},
	author = {Instituto Brasileiro de Geografia e Estatística {IBGE}},
	year = {2018},
    howpublished = {Available at: \url{https://www.ibge.gov.br/apps/populacao/projecao/}},
    note         = {Accessed on June 13, 2018.}
}

@misc{abcdenergia,
	title = {Matriz Energética e Elétrica},
	author = {Empresa de Pesquisa Energética {EPE}},
	year = {2017},
    howpublished = {Available at: \url{http://www.epe.gov.br/pt/abcdenergia/matriz-energetica-e-eletrica}},
    note         = {Accessed on June 13, 2018.}
}

@misc{europe-sme-blocks,
	title = {Seven Major European Banks Select IBM to Bring Blockchain-Based Trade Finance to Small and Medium Enterprises},
	author = {Hannah Slocum and Stef Leunens},
    institution = {IBM},
    day = 26,
    month = 6,
	year = {2017},
    howpublished = {Available at: \url{https://www-03.ibm.com/press/us/en/pressrelease/52706.wss}},
    note         = {Accessed on June 20, 2018.}
}

@misc{febrapan,
	title = {CIAB FEBRABAN apresenta testes com blockchain},
	author = {Adriana Mompean},
    magazine = {CIAB},
    institution = {FEBRABAN},
    edition = 69,
    month = {may-jun},
	year = {2017},
    howpublished = {Available at: \url{http://www.ciab.org.br/publicacoes/edicao/69/ciab-febraban-apresenta-testes-com-blockchain}},
    note         = {Accessed on June 20, 2018.}
}

@techreport{iea2011,
	title = {Technology Roadmap - Smart Grids},
	author = {International Energy Agency - IEA},
    day = 4,
    month = 4,
    pages = 52,
	year = {2011},
    howpublished = {Available at: \url{https://webstore.iea.org/technology-roadmap-smart-grids}},
    note         = {Accessed on January 30, 2018.}
}


%-------------------------------------------------
% bib-ymaster.bib
%-------------------------------------------------

@unpublished{satoshi2009,
  author       = {Satoshi Nakamoto},
  title        = {Bitcoin: A Peer-to-Peer Electronic Cash System},
  year         = 2009,
  howpublished = {Available at: \url{https://bitcoin.org/en/bitcoin-paper}},
  note         = {Accessed on September 13, 2017.}
}

@techreport{ideal2017,
  author       = {Philipp Hahn and Taynara Reisner Mighel{\~{a}}o},
  title        = {The Brazilian Market Of Distributed Solar PV Generation – Annual Report 2017},
  institution  = {{Instituto para o Desenvolvimento de Energias Alternativas na América Latina (IDEAL Institute)} and {Câmara de Comércio e Indústria Brasil-Alemanha (AHK-RJ)}},
  year         = 2017,
  month        = 8,
  howpublished = {Available at: \url{https://issuu.com/idealeco_logicas/docs/estudoidealmercadofv2017_en_web}},
  note         = {Accessed on October, 2017.}
}

@techreport{epe2014,
  author       = {Empresa de Pesquisa Energética {EPE}},
  title        = {Inserção da Geração Fotovoltaica Distribuída no Brasil – Condicionantes e Impactos},
  institution  = {Ministério de Minas e Energia (MME)},
  year         = 2014,
  address      = {Rio de Janeiro},
  month        = 10,
  howpublished = {Available at: \url{http://www.epe.gov.br/sites-pt/publicacoes-dados-abertos/publicacoes/PublicacoesArquivos/publicacao-251/topico-311/DEA%2019%20-%20%20Inserção%20da%20Geração%20Fotovoltaica%20Distribuída%20no%20Brasil%20-%20Condicionantes%20e%20Impactos%20VF%20%20(Revisada)[1].pdf}},
  note         = {Série Recursos Energéticos, nota técnica DEA 19/14. Accessed on October 2, 2017.}
}

@article{singh2017,
  author  		= {Jatinder Singh and Johan David Michels}, 
  title   		= {Blockchain As a Service: Providers and Trust},
  institution	= {Queen Mary School of Law Legal Studies Research},
  number  		= {269/2017},
  year    		= 2017,
  month   		= 12,
  day			= 20,
  howpublished	= {Available at: \url{https://ssrn.com/abstract=3091223}},
  note			= {Accessed on March 20, 2018.}
}

@article{peck2017,
  author		= {Morgen E. Peck}, 
  title			= {BLOCKCHAIN WORLD - Special Report},
  journal		= {IEEE Spectrum International},
  year			= 2017,
  month			= 8,
  issn			= {0018-9235},
  howpublished	= {Available at: \url{https://spectrum.ieee.org/magazine/2017/October}},
  note			= {Accessed on October 3, 2017.}
}

@article{mengelkamp2018,
    author =	{Esther Mengelkamp and Benedikt Notheisen and Carolin Beer and David Dauer and Christof Weinhardt},
    title =		{A blockchain-based smart grid: towards sustainable local energy markets},
    journal =	{Computer Science - Research and Development},
    year =		2018,
    month =		2,
    volume =	33,
    number =	1,
    pages =		{207--214},
    issn =		{1865-2042},
    doi =		{10.1007/s00450-017-0360-9},
    url =		{https://doi.org/10.1007/s00450-017-0360-9},
    note =		{Accessed on Mai 2, 2018.}
}

@book{book:bitcoin,
   title =     {Mastering Bitcoin},
   author =    {Andreas M. Antonopoulos},
   publisher = {O'Reilly Media, Inc.},
   isbn =      {9781491902639},
   year =      {2014},
   month =		{12},
   howpublished = {Available at: \url{https://www.safaribooksonline.com/library/view/mastering-bitcoin/9781491902639/}},
   note         = {Accessed on December 20, 2017.}
}

@misc{LFS171x,
  author       = {{Linux Foundation}},
  title        = {Blockchain for Business - An Introduction to Hyperledger Technologies},
  institution  = {LinuxFoundationX},
  howpublished = {Available at: \url{https://www.edx.org/course/blockchain-business-introduction-linuxfoundationx-lfs171x}},
  month        = 7,
  year         = 2017,
  note         = {Massive Open Online Course (MOOC) at Edx platform.}
}

@techreport{uk2016,
  author       = {{UK Government Chief Scientific Adviser}}, 
  title        = {Distributed Ledger Technology: beyond block chain},
  institution  = {Government Office for Science},
  year         = 2016,
  number	   = {GS/16/1},
  howpuplished = {Available at: \url{https://www.gov.uk/government/publications/distributed-ledger-technology-blackett-review}},
  month        = 2,
  note         = {Accessed on April 16, 2018.}
}

@techreport{itu2017,
  author       = {Leon Perlman}, 
  title        = {Distributed Ledger Technologies and Financial Inclusion},
  institution  = {ITU-T Focus Group Digital Financial Services},
  year         = 2017,
  howpuplished = {Available at: \url{https://www.itu.int/en/ITU-T/focusgroups/dfs/Pages/default.aspx}},
  month        = 2,
  note         = {Accessed on March 20, 2018.}
}

@INPROCEEDINGS{xu2017, 
    author={X. Xu and I. Weber and M. Staples and L. Zhu and J. Bosch and L. Bass and C. Pautasso and P. Rimba}, 
    booktitle={2017 IEEE International Conference on Software Architecture (ICSA)}, 
    title={A Taxonomy of Blockchain-Based Systems for Architecture Design}, 
    year={2017}, 
    volume={}, 
    number={}, 
    pages={243-252}, 
    keywords={software architecture;blockchain architectural characteristics;blockchain-based system quality attributes;blockchain-based system taxonomy;distributed software architectures;transactional data sharing;Contracts;Cryptography;Government;Online banking;Peer-to-peer computing;Software architecture;Taxonomy;Distributed databases;Software architecture}, 
    doi={10.1109/ICSA.2017.33}, 
    ISSN={}, 
    month={April},
    note = {Accessed on April 16, 2018.}
}

@INPROCEEDINGS{rimba2017, 
    author={P. Rimba and A. B. Tran and I. Weber and M. Staples and A. Ponomarev and X. Xu}, 
    booktitle={2017 IEEE International Conference on Software Architecture (ICSA)}, 
    title={Comparing Blockchain and Cloud Services for Business Process Execution}, 
    year={2017}, 
    volume={}, 
    number={}, 
    pages={257-260}, 
    keywords={business data processing;costing;distributed databases;organisational aspects;storage management;blockchain-based systems;business process execution;cloud services;cross-organizational settings;execution cost;magnitude difference order;software system development;storage;Computational modeling;Contracts;Mathematical model;Payloads;Software;Software architecture;blockchain;business process;cloud;cost;design}, 
    doi={10.1109/ICSA.2017.44}, 
    ISSN={}, 
    month={April},
	note = {Accessed on April 16, 2018.}
}

@INPROCEEDINGS{butg2017,
    author={L. Butgereit and C. Martinus}, 
    booktitle={2017 Conference on Information Communication Technology and Society (ICTAS)}, 
    title={A comparison of two blockchain architectures for inspiring corporate excellence in South Africa}, 
    year={2017}, 
    volume={}, 
    number={}, 
    pages={1-6}, 
    keywords={cryptography;distributed databases;electronic money;public domain software;Ethereum blockchain;South Africa;blockchain architectures;complementary currencies;corporate excellence;crypto-currency;Computer architecture;Computer languages;Contracts;Cryptography;Economics;Electronic mail;Gold;Ethereum;blockchain}, 
    doi={10.1109/ICTAS.2017.7920656}, 
    ISSN={}, 
    month={March},
    note = {Accessed on April 16, 2018.}
}

@INPROCEEDINGS{marco2017,
    author={M. Conoscenti and A. Vetrò and J. C. De Martin}, 
    booktitle={2017 IEEE/ACM 39th International Conference on Software Engineering Companion (ICSE-C)}, 
    title={Peer to Peer for Privacy and Decentralization in the Internet of Things}, 
    year={2017}, 
    volume={}, 
    number={}, 
    pages={288-290}, 
    keywords={Internet of Things;data privacy;peer-to-peer computing;Internet of Things;blockchain;decentralized private-by-design IoT;peer-to-peer storage networks;personal IoT devices;privacy;Bitcoin;Companies;Data privacy;Internet of Things;Peer-to-peer computing;Scalability;blockchain;internet of things;peer to peer;privacy}, 
    doi={10.1109/ICSE-C.2017.60}, 
    ISSN={}, 
    month={May},
    note = {Accessed on April 16, 2018.}
}

@INPROCEEDINGS{xu2016, 
    author={X. Xu and C. Pautasso and L. Zhu and V. Gramoli and A. Ponomarev and A. B. Tran and S. Chen}, 
    booktitle={2016 13th Working IEEE/IFIP Conference on Software Architecture (WICSA)}, 
    title={The Blockchain as a Software Connector}, 
    year={2016}, 
    volume={}, 
    number={}, 
    pages={182-191}, 
    keywords={data handling;distributed processing;software architecture;software quality;architectural decision;decentralized blockchain;decentralized data sharing;design trade-offs;distributed software architectures;quality attributes;software connector;transactional data sharing;untrusted participants;Australia;Connectors;Contracts;Cryptography;Online banking;Peer-to-peer computing;Software;Architecture connector;Blockchain;Design;Trade-off}, 
    doi={10.1109/WICSA.2016.21}, 
    ISSN={}, 
    month={April},
    note = {Accessed on April 16, 2018.}
}

@mastersthesis{lud2007,
  author		= {Ludimila Lima da Silva}, 
  title			= {The electricity generation sector in Brazil: the perception of regulatory and environmental risk},
  school		= {The George Washington University},
  year			= 2007,
  address		= {Washington, DC},
  month			= 12,
  howpublished	= {Available at \url{http://www.aneel.gov.br/trabalhos-academicos}},
  note			= {Accessed on April 9, 2018.}
}

@book{book:klein,
   title =     {Sources of Power: How People Make Decisions},
   author =    {Gary A. Klein},
   publisher = {The MIT Press},
   isbn =      {0262534290,9780262534291},
   year =      {2017},
   series =    {},
   edition =   {Reprint},
   volume =    {}}
   
@techreport{pwc2016,
  author       = {{PricewaterhouseCoopers (PwC)}},
  title        = {Blockchain – an opportunity for energy producers and consumers?},
  institution  = {PwC global power \& utilities},
  year         = 2016,
  howpublished = {Available at \url{https://www.pwc.com/gx/en/industries/energy-utilities-resources/publications/opportunity-for-energy-producers.html}},
  note         = {Accessed on April 11, 2017.}}

@techreport{wec2017,
  author       = {{World Energy Council} and {PricewaterhouseCoopers (PwC)}}, 
  title        = {The developing role of blockchain - White Paper},
  institution  = {World Energy Council},
  year         = 2017,
  version       = 1,
  address      = {London, United Kingdom},
  month        = 11,
  howpublished = {Available at \url{https://www.worldenergy.org/publications/2017/the-developing-role-of-blockchain/}},
  note         = {Accessed on February 9, 2018.}}

@techreport{don2017,
  author       = {Don Tapscott and Alex Tapscott}, 
  title        = {The blockchain corridor: Building an Innovation Economy in the 2nd Era of the Internet},
  institution  = {The Tapscott Group},
  year         = 2017,
  address      = {Canada},
  month        = 2,
  howpublished = {Available at \url{http://dontapscott.com/BlockchainCorridorReport.pdf}},
  note         = {Accessed on February 12, 2018.}}

@techreport{sven2013,
  author       = {Sven Heiligtag and Thomas Poppensieker and Jens Wimschulte}, 
  title        = {Next-generation energy trading - An opportunity to optimize},
  institution  = {McKinsey & Company},
  year         = 2013,
  number	   = 47,
  month        = 5,
  howpublished = {Available at \url{https://www.mckinsey.com/business-functions/risk/our-insights/next-generation-energy-trading-an-opportunity-to-optimize}},
  note         = {McKinsey Working Papers on Risk. Accessed on January 31, 2018.}}

%-------------------------------------------------
% bib.bib
%-------------------------------------------------

@article{Coelho2016,
  author = "Vitor N. Coelho and Igor M. Coelho and Bruno N. Coelho and Glauber C. de Oliveira and Alexandre C. Barbosa and Leo Pereira and Alan de Freitas and Haroldo G. Santos and Luis S. Ochi and Frederico G. Guimar{\~a}es",
  title = "A communitarian microgrid storage planning system inside the scope of a smart city ",
  journal = "Applied Energy ",
  volume = "",
  number = "",
  pages = " - ",
  year = "2016",
  note = "",
  issn = "0306-2619",
  doi = "http://doi.org/10.1016/j.apenergy.2016.12.043",
}

@article{Coelho2016730,
  title = "Multi-objective energy storage power dispatching using plug-in vehicles in a smart-microgrid ",
  journal = "Renewable Energy ",
  volume = "89",
  number = "",
  pages = "730 - 742",
  year = "2016",
  note = "",
  issn = "0960-1481",
  doi = "http://doi.org/10.1016/j.renene.2015.11.084",
  author = "Vitor N. Coelho and Igor M. Coelho and Bruno N. Coelho and Miri Weiss Cohen and Agnaldo J.R. Reis and Sidelmo M. Silva and Marcone J.F. Souza and Peter J. Fleming and Frederico G. Guimar{\~a}es",
}

@article{Coelho2017820,
  title = "Multi-agent systems applied for energy systems integration: State-of-the-art applications and trends in microgrids ",
  journal = "Applied Energy ",
  volume = "187",
  number = "",
  pages = "820 - 832",
  year = "2017",
  note = "",
  issn = "0306-2619",
  doi = "http://doi.org/10.1016/j.apenergy.2016.10.056",
  author = "Vitor N. Coelho and Miri Weiss Cohen and Igor M. Coelho and Nian Liu and Frederico Gadelha Guimar{\~a}es",
}

@misc{tarifas,
    author    = "ANEEL",
    title     = "Superintendência de Gestão Tarifária: A Tarifa de Energia Elétrica",
    howpublished = "Disponível em: \url{http://www.aneel.gov.br/tarifas}",
    year     = "2016",
    month    = "Fev",
    note     = "Acesso em: 24/03/2017",
}

@misc{modeloBR,
    author    = "CCEE, C\^{a}mara de Comercializa\c{c}\~{a}o de Energia El\'{e}trica",
    title	= "Setor el\'{e}trico",
    year	= "2017",
    howpublished	= "Dispon\'{i}vel em: \url{https://www.ccee.org.br/portal/faces/pages_publico/onde-atuamos/setor_eletrico}",
    note	= "Acesso em: 17/03/2017",
}

@misc{fontes,
    author    = "CCEE",
    title     = "Câmara de Comercialização de Energia Elétrica: Fontes",
    year	= "2017",
    howpublished = "Disponível em: \url{www.ccee.org.br/portal/faces/pages_publico/onde-atuamos/fontes}",
    note     = "Acesso em: 17/03/2017",
}

@misc{BIG,
    author    = "ANEEL",
    title     = "Banco de Informações de Geração: Matriz de Energia Elétrica",
    year	= "2017",
    howpublished = "Disponível em: \url{www2.aneel.gov.br/aplicacoes/capacidadebrasil/capacidadebrasil.cfm}",
    note     = "Acesso em: 17/03/2017",
}

@misc{market,
    author    = "CCEE",
    title     = "Comercialização",
    year	= "2017",
    howpublished = "Disponível em: \url{www.ccee.org.br/portal/faces/pages_publico/onde-atuamos/comercializacao}",
    note     = "Acesso em: 17/03/2017",
}

@misc{price,
    author    = "ANEEL",
    title     = "Superintendência de Gestão Tarifária: Entendendo a Tarifa",
    howpublished = "Disponível em: \url{http://www.aneel.gov.br/entendendo-a-tarifa/-/asset_publisher/uQ5pCGhnyj0y/content/composicao-da-tarifa/654800}",
    year     = "2017",
    month    = "Fev",
    note     = "Acesso em: 24/03/2017",
}

@misc{GD,
    author    = "ANEEL, Superintendência de Regulação dos Serviços de Distribuição (SRD)",
    title     = "Informações Técnicas",
    howpublished = "Disponível em: \url{http://www.aneel.gov.br/geracao-distribuida}",
    year     = "2016",
    month    = "Out",
    note     = "Acesso em: 17/03/2017",
}

@misc{beneficios,
    author    = "Instituto IDEAL, América do Sol",
    title     = "Benefícios e Custos da Energia Solar",
    year	= "2017",
    howpublished = "Disponível em: \url{http://americadosol.org/beneficios-e-custos-da-energia-solar/}",
    note     = "Acesso em: 17/03/2017",
}

@misc{rules,
    author    = "Instituto IDEAL, América do Sol",
    title     = "Regulamentação",
    year	= "2017",
    howpublished = "Disponível em: \url{http://americadosol.org/regulamentacao/}",
    note     = "Acesso em: 17/03/2017",
}

@misc{FAQ,
    author    = "ANEEL",
    title     = "Perguntas e Respostas sobre a aplicação da Resolução Normativa nº 482/2012",
    howpublished = "Disponível em: \url{http://www2.aneel.gov.br/arquivos/PDF/FAQ_GD_Atualizado.pdf}",
    year     = "2016",
    month    = "Mar",
    note     = "Acesso em: 24/03/2017",
}

@misc{abradee,
    author    = "ABRADEE",
    title     = "Visão Geral do Setor",
    year	= "2017",
    howpublished = "Disponível em: \url{http://www.abradee.com.br/setor-eletrico/visao-geral-do-setor}",
    note     = "Acesso em: 27/03/2017",
}

@misc{abradee2,
    author    = "ABRADEE",
    title     = "Tarifas de Energia",
    year	= "2017",
    howpublished = "Disponível em: \url{http://www.abradee.com.br/setor-de-distribuicao/tarifas-de-energia/tarifas-de-energia}",
    note     = "Acesso em: 11/04/2017",
}

@misc{agentes,
    author    = "CCEE",
    title     = "Como se dividem -- Categoria de Agentes da CCEE",
    year	= "2017",
    howpublished = "Disponível em: \url{https://www.ccee.org.br/portal/faces/pages_publico/quem-participa/como_se_dividem}",
    note     = "Acesso em: 27/03/2017",
}

@mastersthesis{gerusa,
  author       = "Magalhães, Gerusa de Souza Côrtes", 
  title        = "Comercialização de energia elétrica no ambiente de contratação livre: uma análise regulatório-institucional a partir dos contratos de compra e venda de energia elétrica",
  school       = "Universidade de São Paulo (USP)",
  year         = "2009",
  address      = "São Paulo",
  howpublished = "Disponível em: \url{http://www.teses.usp.br/teses/disponiveis/86/86131/tde-09062011-152105/pt-br.php}",
  note         = "Acesso em: 29/03/2017",
}

@ebook{green-coins,
    author    = "Hundt, Reed E. and Schub, Jeffrey and Schottenfeld, Joseph R.",
    title     = "Chapter 10 Green Coins: Using Digital Currency to Build the New Power Platform",
    howpublished = "Disponível em: \url{https://idcubed.org/chapter-10-green-coins-using-digital-currency-build-new-power-platform/}",
    year     = "2014",
    note     = "Acesso em: 23/03/2017",
}

@misc{MP579,
    author    = "Costellini, Clara and Hollanda, Lavinia",
    title     = "Setor Elétrico: da MP 579 ao pacote financeiro",
    howpublished = "Disponível em: \url{http://fgvenergia.fgv.br/artigos/setor-eletrico-da-mp-579-ao-pacote-financeiro}",
    year     = "2014",
    month    = "Mar",
    note     = "Acesso em: 27/03/2017",
}%ainda não foi referenciado

@misc{seminario,
    author    = "ANEEL",
    title     = "A ANEEL e o Modelo do Setor Elétrico Brasileiro",
    howpublished = "Disponível em: \url{http://www2.aneel.gov.br/arquivos/pdf/ElleryFNE.pdf}",
    year     = "2001",
    month    = "Ago",
    note     = "Seminário “A Crise Energética Brasileira”. Acesso em: 27/03/2017",
}

@unpublished{cebolo,
    author    = "Cébolo, Arnaldo dos Santos",
    title     = "Reestruturação do Setor Elétrico Brasileiro",
    year     = "2012",
    note     = "Slides da disciplina Estruturação do Setor Elétrico, CEFET/RJ. Acesso em: 27/03/2017",
}

@misc{lei,
    author    = "BRASIL",
    title     = "Lei 8.987, de 13 de fevereiro de 1995. Dispõe sobre o regime de concessão e permissão da prestação de serviços públicos previsto no art. 175 da Constituição Federal, e dá outras providências.",
    howpublished = "Disponível em: \url{http://www.planalto.gov.br/ccivil_03/leis/L8987compilada.htm}",
    year     = "1995",
    month    = "Fev",
    note     = "Acesso em: 30/03/2017",
}

@misc{agtrans,
    author    = "ONS",
    title     = "O ONS: Relacionamentos",
    year	= "2017",
    howpublished = "Disponível em: \url{http://www.ons.org.br/institucional_linguas/relacionamentos.aspx}",
    note     = "Acesso em: 03/04/2017",
}

@misc{bandeiras,
    author    = "ANEEL, Superintendência de Gestão Tarifária (SGT)",
    title     = "Bandeiras Tarifárias",
    howpublished = "Disponível em: \url{http://www.aneel.gov.br/bandeiras-tarifarias}",
    year     = "2017",
    month    = "Mar",
    note     = "Acesso em: 05/04/2017",
}

@misc{proinfa,
    author    = "Eletrobras",
    title     = "PROGRAMAS: PROINFA",
    year	= "2017",
    howpublished = "Disponível em: \url{http://www.eletrobras.com/elb/ProinfA/data/Pages/LUMISABB61D26PTBRIE.htm}",
    note     = "Acesso em: 06/04/2017",
}

@unpublished{arteiro,
    author    = "de Oliveira, Francisco José Arteiro",
    title     = "Planejamento da operação do Sistema Interligado Nacional",
    year     = "2006",
    month   = "Out",
    note     = "Slides do I Workshop da Operação, AES-Tietê, Bauru (SP). Acesso em: 07/04/2017",
}

@misc{its1,
    author    = "ITS Rio",
    title     = "Blockchain: a tecnologia e suas aplicações",
    year	= "2017",
    howpublished = "Disponível em: \url{https://itsrio.org/pt/cursos/blockchain-a-tecnologia-e-suas-aplicacoes/}",
    note     = "Atualizaram a página e o conteúdo referenciado não está mais acessível! Acesso em: 22/03/2017",
}

@misc{block-endeavor,
    author    = "Endeavor",
    title     = "Blockchain: conheça a tecnologia por trás da revolução das moedas virtuais",
    howpublished = "Disponível em: \url{https://endeavor.org.br/blockchain/}",
    year    = "2015",
    month   = "Ago",
    note     = "Acesso em: 22/03/2017",
}

@misc{its2,
    author    = "Aleixo, Gabriel ",
    title     = "O potencial transformador da tecnologia blockchain",
    year	= "2016",
    month	= "Abr",
    howpublished = "Disponível em: \url{https://feed.itsrio.org/o-potencial-transformador-da-tecnologia-blockchain-777a5edf6a29}",
    note     = "Acesso em: 22/03/2017",
}

@misc{its3,
    author    = "Radu, Roxana and Aleixo, Gabriel",
    title     = "Blockchain e o futuro da Governança",
    year	= "2015",
    month	= "Nov",
    howpublished = "Disponível em: \url{https://goo.gl/5ZT2Uf}",
    note     = "Acesso em: 22/03/2017",
}

@misc{its4,
    author    = "Lemos, Ronaldo",
    title     = "Como usar a Blockchain para promover o interesse público?",
    year	= "2017",
    month	= "Fev",
    howpublished = "Disponível em: \url{https://goo.gl/AsUXPj}",
    note     = "Acesso em: 22/03/2017",
}

@misc{ether,
    author    = "Wood, Gavin",
    title     = "Ethereum: homestead release",
    year  = {2017},
    howpublished = "Disponível em: \url{https://ethereum.org/}",
    note     = "Acesso em: 23/03/2017",
}

@misc{blocktrading,
    author    = "Merz, Michael",
    title     = "Potential of the Blockchain Technology in Energy Trading",
    year	= "2016",
    month	= "Oct",
    howpublished = "Disponível em: \url{http://www.ponton.de/downloads/mm/Potential-of-the-Blockchain-Technology-in-Energy-Trading_Merz_2016.en.pdf}",
    note     = "Acesso em: 11/04/2017. Aparece como capítulo do livro Blockchain technology Introduction
for business and IT managers, de Daniel Burgwinkel et al., edit. OLDENBOURG",
}

@misc{precos,
    author    = "CCEE, Câmara de Comercialização de Energia Elétrica",
    title	= "Preços",
    year	= "2017",
    howpublished	= "Disponível em: \url{https://www.ccee.org.br/portal/faces/oquefazemos_menu_lateral/precos}",
    note	= "Acesso em: 15/04/2017",
}

@misc{gartner,
    author    = "Kandaswamy, Rajesh",
    title     = "Blockchain: How Real Is The Market?",
    year	= "2016",
    organization = "Gartner",
    howpublished = "Disponível em: \url{https://www.gartner.com/webinar/3607520}",
    note     = "Acesso em: 11/04/2017",
}

@misc{tarifa_branca,
    author    = "ANEEL, Superintendência de Gestão Tarifária (SGT)",
    title     = "Modalidades tarifárias",
    howpublished = "Disponível em: \url{http://www.aneel.gov.br/tarifa-branca}",
    year     = "2017",
    month    = "Fev",
    note     = "Acesso em: 18/04/2017",
}


%-------------------------------------------------------------------
% IEEE
@ARTICLE{7452756, 
    author={K. Kok and S. Widergren},
    journal={IEEE Power and Energy Magazine},
    title={A Society of Devices: Integrating Intelligent Distributed Resources with Transactive Energy},
    year={2016},
    volume={14},
    number={3},
    pages={34-45},
    keywords={distribution networks;coordinated operation;coordination mechanisms;electricity infrastructure;intelligent distributed resources;intelligent electricity system;local coordination tasks;sustainable energy carrier;transactive energy;transition scenarios;Artificial intelligence;Energy management;Multi-agent systems;Optimization;Smart grids;Transactive energy},
    doi={10.1109/MPE.2016.2524962},
    ISSN={1540-7977},
    month={May},
    note    = "Acesso em: 05/04/2017",
}


%-------------------------------------------------
% otimizazao.bib
%-------------------------------------------------

@misc{sin,
  author       = {{Operador Nacional do Sistema Elétrico} (ONS)}, 
  title        = {O Sistema Interligado Nacional},
  note			= {Accessed on 2017.},
  howpublished	= {Available at \url{http://www.ons.org.br/paginas/sobre-o-sin/o-que-e-o-sin}.}
}

@article{iansiti2017,
  author		= {Marco Iansiti and Karim R. Lakhani}, 
  title			= {The Truth About Blockchain},
  journal		= {Harvard Business Review},
  year			= 2017,
  pages			= {118–127},
  month			= {January/February},
  note			= {Accessed on April, 2017.},
  howpublished	= {Available at \url{https://hbr.org/2017/01/the-truth-about-blockchain}.}
}

@article{Yang2013,
	title = "A new approach for predicting and collaborative evaluating the cutting force in face milling based on gene
expression programming ",
	journal = "Journal of Network and Computer Applications ",
	volume = "",
    number = "0",
    pages = " - ",
    year = "2013",
    note = "",
    issn = "1084-8045",
    doi = "10.1016/j.jnca.2013.02.004",
    author = "Yang Yang and Xinyu Li and Liang Gao and Xinyu Shao",
}

@article{AlphaGo2016,
    title = "Mastering the game of Go with deep neural networks and tree search",
    journal = "Nature",
    volume = "529",
    number = "",
    pages = "484-489",
    year = "2016",
    note = "",
    doi = "10.1038/nature16961",
    author = "David Silver and Aja Huang and Chris J. Maddison and Arthur Guez and Laurent Sifre and George van den Driessche and Julian Schrittwieser and Ioannis Antonoglou and Veda Panneershelvam and Marc Lanctot and Sander Dieleman and Dominik Grewe and John Nham and Nal Kalchbrenner and Ilya Sutskever and Timothy Lillicrap and Madeleine Leach and Koray Kavukcuoglu and Thore Graepel and Demis Hassabis",
}



@article{Salahshoor2013,

title = "A novel adaptive fuzzy predictive control for hybrid systems with mixed inputs ",

journal = "Engineering Applications of Artificial Intelligence ",

volume = "26",

number = "5 - 6",

pages = "1512 - 1531",

year = "2013",

note = "",

issn = "0952-1976",

doi = "10.1016/j.engappai.2013.02.003",

author = "Karim Salahshoor and Ehsan Safari and Iraj Ahangari",

keywords = "Hybrid system",

keywords = "Online fuzzy identification",

keywords = "\{NMPC\}",

keywords = "Adaptive control",

keywords = "\{GA\} "

}



@article{FallahMehdipour2013,

title = "Prediction and simulation of monthly groundwater levels by genetic programming ",

journal = "Journal of Hydro-environment Research ",

volume = "",

number = "0",

pages = " - ",

year = "2013",

note = "",

issn = "1570-6443",

doi = "10.1016/j.jher.2013.03.005",

author = "E. Fallah-Mehdipour and O. Bozorg Haddad and M.A. Mariño",

}



@article{Das2013,

title = "Multi-objective optimization framework for networked predictive controller design ",

journal = "\{ISA\} Transactions ",

volume = "52",

number = "1",

pages = "56 - 77",

year = "2013",

note = "",

issn = "0019-0578",

doi = "10.1016/j.isatra.2012.09.004",

author = "Sourav Das and Saptarshi Das and Indranil Pan",

keywords = "Multi-objective optimization",

keywords = "Networked Control System (NCS)",

keywords = "Non-dominated Sorting Genetic Algorithm-II (NSGA-II)",

keywords = "Networked predictive controller",

keywords = "Linear Matrix Inequality (LMI) "

}



@article{Chakrabarty2013,

title = "Fuzzy model predictive control of non-linear processes using convolution models and foraging algorithms ",

journal = "Measurement ",

volume = "46",

number = "4",

pages = "1616 - 1629",

year = "2013",

note = "",

issn = "0263-2241",

doi = "10.1016/j.measurement.2012.11.046",

author = "Ankush Chakrabarty and Suvadeep Banerjee and Sayan Maity and Amitava Chatterjee",

keywords = "Fuzzy convolution models",

keywords = "Fuzzy model predictive control",

keywords = "Bacterial Foraging algorithms",

keywords = "Direct adaptive control ",

}



@article{Celekli2013,

title = "Use of artificial neural networks and genetic algorithms for prediction of sorption of an azo-metal complex dye
onto lentil straw ",

journal = "Bioresource Technology ",

volume = "129",

number = "0",

pages = "396 - 401",

year = "2013",

note = "",

issn = "0960-8524",

doi = "10.1016/j.biortech.2012.11.085",


author = "Abuzer Çelekli and Hüseyin Bozkurt and Faruk Geyik",

keywords = "Artificial neural network (ANN)",

keywords = "Gene expression programming (GEP)",

keywords = "Lentil straw",

keywords = "Lanaset Red G",

keywords = "Sorption "

}



@article{Kashid2012,

title = "Prediction of monthly rainfall on homogeneous monsoon regions of India based on large scale circulation
patterns using Genetic Programming ",

journal = "Journal of Hydrology ",

volume = "454 - 455",

number = "0",

pages = "26 - 41",

year = "2012",

note = "",

issn = "0022-1694",

doi = "10.1016/j.jhydrol.2012.05.033",

author = "Satishkumar S. Kashid and Rajib Maity",

keywords = "El Niño-Southern Oscillation (ENSO)",

keywords = "Equatorial Indian Ocean Oscillation (EQUINOO)",

keywords = "Genetic Programming (GP)",

keywords = "Indian Summer Monsoon Rainfall (ISMR) "

}



@article{Afzal2011,

title = "On the application of genetic programming for software engineering predictive modeling: A systematic review ",

journal = "Expert Systems with Applications ",

volume = "38",

number = "9",

pages = "11984 - 11997",

year = "2011",

note = "",

issn = "0957-4174",

doi = "10.1016/j.eswa.2011.03.041",

author = "Wasif Afzal and Richard Torkar",

keywords = "Systematic review",

keywords = "Genetic programming",

keywords = "Symbolic regression",

keywords = "Modeling "

}



@article{Jafarian2010,

title = "Empirical predictive model for the vmax/amax ratio of strong ground motions using genetic programming ",

journal = "Computers \& Geosciences ",

volume = "36",

number = "12",

pages = "1523 - 1531",

year = "2010",

note = "",

issn = "0098-3004",

doi = "10.1016/j.cageo.2010.07.002",

author = "Yaser Jafarian and Elnaz Kermani and Mohammad H. Baziar",

keywords = "Earthquake",

keywords = "Predictive model",

keywords = "Frequency content",

keywords = "Genetic programming "

}



@article{Grosman2002,

title = "Automated nonlinear model predictive control using genetic programming",

journal = "Computers \& Chemical Engineering",

volume = "26",

number = "4 - 5",

pages = "631 - 640",

year = "2002",

note = "",

issn = "0098-1354",

doi = "10.1016/S0098-1354(01)00780-3",

author = "Benyamin Grosman and Daniel R Lewin",

keywords = "Empirical process modeling",

keywords = "Genetic programming",

keywords = "Nonlinear model predictive control "

}



@book{Goldberg1989,
 author = {Goldberg, David E.},
 title = {Genetic Algorithms in Search, Optimization and Machine Learning},
 year = {1989},
 isbn = {0201157675},
 edition = {1st},
 publisher = {Addison-Wesley Longman Publishing Co., Inc.},
 address = {Boston, MA, USA},
} 

@article{SabattinVictorParada2012,
  author    = {Jorge Sabattin and
               Carlos Contreras Bolton and
               Miguel Arias Albornoz and
               V\'{\i}ctor Parada},
  title     = {Evolutionary Optimization of Electric Power Distribution
               Using the Dandelion Code},
  journal   = {J. Electrical and Computer Engineering},
  volume    = {2012},
  year      = {2012},
  ee        = {http://dx.doi.org/10.1155/2012/738409},
  bibsource = {DBLP, http://dblp.uni-trier.de}
}

@article{Lee2011,

title = "Forecasting energy consumption using a grey model improved by incorporating genetic programming ",

journal = "Energy Conversion and Management ",

volume = "52",

number = "1",

pages = "147 - 152",

year = "2011",

note = "",

issn = "0196-8904",

doi = "10.1016/j.enconman.2010.06.053",

author = "Yi-Shian Lee and Lee-Ing Tong",

keywords = "Energy consumption",

keywords = "Grey forecasting model",

keywords = "Genetic programming "

}


@article{Forouzanfar2012,

title = "Transport energy demand forecast using multi-level genetic programming ",

journal = "Applied Energy ",

volume = "91",

number = "1",

pages = "496 - 503",

year = "2012",

note = "",

issn = "0306-2619",

doi = "10.1016/j.apenergy.2011.08.018",

author = "Mehdi Forouzanfar and A. Doustmohammadi and Samira Hasanzadeh and H. Shakouri G",

keywords = "Genetic programming",

keywords = "Transport energy demand",

keywords = "Forecasting",

keywords = "Modeling "

}



@article{Lee2012,

title = "Forecasting nonlinear time series of energy consumption using a hybrid dynamic model ",

journal = "Applied Energy ",

volume = "94",

number = "0",

pages = "251 - 256",

year = "2012",

note = "",

issn = "0306-2619",

doi = "10.1016/j.apenergy.2012.01.063",

author = "Yi-Shian Lee and Lee-Ing Tong",

keywords = "Energy consumption",

keywords = "Grey forecasting model",

keywords = "Genetic programming",

keywords = "Hybrid dynamic approach "

}



@article{Vladislavleva2013,

title = "Predicting the energy output of wind farms based on weather data: Important variables and their correlation ",

journal = "Renewable Energy ",

volume = "50",

number = "0",

pages = "236 - 243",

year = "2013",

note = "",

issn = "0960-1481",

doi = "10.1016/j.renene.2012.06.036",

author = "Ekaterina Vladislavleva and Tobias Friedrich and Frank Neumann and Markus Wagner",

keywords = "Wind energy",

keywords = "Prediction",

keywords = "Genetic programming",

keywords = "DataModeler "

}

@article{debra2017,
	title = "The Power of Small",
    journal = "IEEE Power \& Energy Magazine",
    volume = "15",
    number = "6",
    pages = "50 - 60",
    year = "2017",
    note = "November/December",
    issn = "1540-7977",
    doi = "10.1109/MPE.2017.2729104",
    author = "Debra Lew and Marc Asano and Jens Boemer and Colton Ching and Ulrich Focken and Richard Hydzik and Matthias Lange and Amber Motley",
}

@article{thomas2017,
	title = "Paving the way",
    journal = "IEEE Power \& Energy Magazine",
    volume = "15",
    number = "6",
    pages = "61 - 69",
    year = "2017",
    note = "November/December",
    issn = "1540-7977",
    doi = "10.1109/MPE.2017.2729138",
    author = "Thomas Ackermann and Thibault Prevost and Vijay Vittal and Andrew J. Roscoe and Julia Matevosyan and Nicholas Miller",
}

@article{erik2017,
	title = "Electricity Markets and Renewables",
    journal = "IEEE Power \& Energy Magazine",
    volume = "15",
    number = "6",
    pages = "70 - 82",
    year = "2017",
    note = "November/December",
    issn = "1540-7977",
    doi = "10.1109/MPE.2017.2730827",
    author = "Erik Ela and Congcong Wang and Sai Moorty and Kenneth Ragsdale and Jon O'Sullivan and Mark Rothleder and Ben Hobbs",
}

@article{jan2017,
	title = "Uncertainty forecasting in a nutshell",
    journal = "IEEE Power \& Energy Magazine",
    volume = "15",
    number = "6",
    pages = "40 - 49",
    year = "2017",
    note = "November/December",
    issn = "1540-7977",
    doi = "10.1109/MPE.2017.2729100",
    author = "Jan Dobschinski and Ricardo Bessa and Pengwei Du and Kenneth Geisler and Sue Ellen Haupt and Matthias Lange and Corina Möhrlen and Dora Nakafuji and Miguel de la Torre Rodriguez",
}

@article{ZHENG2018842,
	title = "Economic and environmental benefits of coordinating dispatch among distributed electricity storage",
	journal = "Applied Energy",
	volume = "210",
	pages = "842 - 855",
	year = "2018",
	issn = "0306-2619",
	doi = "https://doi.org/10.1016/j.apenergy.2017.07.095",
	url = "http://www.sciencedirect.com/science/article/pii/S0306261917309686",
	author = "Menglian Zheng and Xinhao Wang and Christoph J. Meinrenken and Yi Ding",
	keywords = "Distributed energy, Demand response, Loadshifting, Batteries, Smart grid, Microgrid"
}

@article{gianelloni2017,
	title = "The distributed electricity generation diffusion impact on the brazilian distribution utilities",
	journal = "3rd International Conference on Energy and Environment: bringing together Engineering and Economics",
	month = "June",
    year = "2017",
	note = "Porto, Portugal",
	url = "https://goo.gl/5bmqU3",
	author = "Francesco Gianelloni and Guilherme de Azevedo Dantas and Job Figueiredo Alves and Nivalde de Castro",
	keywords = "Distributed generation, Death Spiral, Distribution utilities"
}

@article{max2017,
	title = "Assessing energy policies drivers of the deployment of distribution generation: A review of influencing factors",
	journal = "3rd International Conference on Energy and Environment: bringing together Engineering and Economics",
	month = "June",
    year = "2017",
	note = "Porto, Portugal",
	url = "https://goo.gl/EaLzYs",
	author = "Max Staib Ramalho and Lorrane Câmara and Patrícia P. Sílva and Guillermo Pereira and Guilherme Dantas",
	keywords = "Public Policy, Distributed Generation, Photovoltaics"
}

@techreport{uwater,
  title = "Cities of the future",
  author = "Brian Caldwell",
  season = "spring",
  year = "2017",
  institution = "University of Waterloo",
  note = "University of Waterloo Magazine, Transformation Research",
  url = "https://uwaterloo.ca/magazine/spring-2017/feature/cities-future"
}

@misc{gentrification,
  title = {Gentrification is sweeping through America. Here are the people fighting back},
  author = {Cliff Albright},
  month = {November},
  year = {2017},
  url = "https://www.theguardian.com/us-news/2017/nov/10/atlanta-super-gentrification-eminent-domain"
}

@unpublished{sennett,
  title = {The Open City},
  author = {Richard Sennett},
  url = "https://goo.gl/m2u85a"
}

@INCOLLECTION{IEA2017,
	title = {Energy Access Outlook 2017, from poverty to prosperity},
	author = {International Energy Agency - IEA},
	year = {2017},
    url = "https://www.iea.org/publications/freepublications/publication/weo-2017-special-report-energy-access-outlook.html"
}

@INCOLLECTION{UN-SDG,
	title = {The Sustainable Development Goals Report},
	author = {{United Nations}},
	year = {2017},
    url = {https://unstats.un.org/sdgs/files/report/2017/TheSustainableDevelopmentGoalsReport2017.pdf},
}

@BOOK{sci-ame,
  title = {Energy for Planet Earth},
  publisher = {Scientific American},
  year = {1991},
  note = {Collection of articles from Scientific American},
}

@misc{edxB4B,
  title = {Blockchain for Business - An Introduction to Hyperledger Technologies},
  author = {The Linux Foundation},
  year = {2017},
  note = {edX MOOC},
  url = {https://www.edx.org/course/blockchain-business-introduction-linuxfoundationx-lfs171x}
}

@misc{muneeb,
  title = {The next wave of computing},
  author = {Muneeb Ali},
  year = {2017},
  url = {https://medium.com/@muneeb/the-next-wave-of-computing-743295b4bc73}
}

@online{solshare,
  title = {SOLshare},
  url = {https://www.me-solshare.com/}
}

@misc{pwrledger,
  title = {Power Ledger Whitepaper},
  editor = {{Power Ledger Pty Ltd}},
  year = {2017},
  url = {https://www.powerledger.io/}
}

@misc{india,
  note = {Tech Mahindra and Power Ledger unite to unleash the power of MaaS},
  year = {2017},
  month = {Set},
  url = {https://www.techmahindra.com/media/press\_releases/TechMahindra-PowerLedger-unite-to-unleash-the-powerofMaaS.aspx}
}

@online{brooklyn,
  title = {Brooklyn Microgrid Project - LO3 Energy},
  url = {https://www.brooklyn.energy/}
}

@misc{gsingularity,
  note = {The Blockchain: Enabling a Distributed \& Connected Energy Future},
  year = {2016},
  month = {Feb},
  url = {http://www.mitforumcambridge.org/event/the-blockchain-enabling-a-distributed-and-connected-energy-future/}
}


@misc{USEnergyDataSet,
  note = {US Energy Information Administration.},
  url = {http://www.eia.doe.gov/emeu/aer/ overview.html}
}

@misc{ChinaEnergyDataSet,
  note = {National Bureau of Statistics of China.},
  url = {http://www.stats.gov.cn:82/tjsj/ndsj/}
}

@misc{EirGrid,
  note = {EirGrid National Control Center.},
  url = {http://www.eirgrid.com/operations/systemperformancedata/systemdemand/}
}


@misc{EIAPrediction,
  note = {US Energy Information Administration},
  url = {http://www.eia.doe.gov/oiaf/ieo/highlights.html}
}


@ARTICLE{Hansen-2008b,
  author = {P. Hansen and N. Mladenovic and J. A. M. P\'erez},
  title = {Variable neighborhood search: methods and applications},
  journal = {4OR: Quarterly journal of the Belgian, French and Italian operations research societies},
  year = {2008},
  volume = {6},
  pages = {319--360}
}

@ARTICLE{Hansen-2008,
  author = {P. Hansen and N. Mladenovic and J. A. M. P\'erez},
  title = {Variable neighborhood search},
  journal = {European Journal of Operational Research},
  year = {2008},
  volume = {191},
  pages = {593--595}
}

@INCOLLECTION{Lourenco03,
  author = {H. R. Louren\c{c}o and O. C. Martin and T. St\"utzle},
  title = {Iterated Local Search},
  booktitle = {Handbook of Metaheuristics},
  publisher = {Kluwer Academic Publishers},
  year = {2003},
  editor = {F. Glover and G. Kochenberger},
  address = {Boston}
}

@ARTICLE{Mladenovic97,
  author = {N. Mladenovic and P. Hansen},
  title = {A Variable Neighborhood Search},
  journal = {Computers and Operations Research},
  year = {1997},
  volume = {24},
  pages = {1097-1100}
}

@INCOLLECTION{Resende2008,
  author = {M. G. C. Resende and C. C. Ribeiro},
  title = {Greedy Randomized Adaptive Search Procedures: Advances and Applications},
  booktitle = {Handbook of Metaheuristics},
  publisher = {Springer},
  year = {2008},
  editor = {M. Gendreau and J.Y. Potvin},
  edition = {2},
}

@BOOK{GLOV03,
  title = {Handbook of Metaheuristics},
  publisher = {Kluwer Academic Publishers},
  year = {2003},
  editor = {Glover, F. and Kochenberger, G.},
  owner = {haroldo},
  timestamp = {2010.01.31}
}

@INCOLLECTION{Glover96,
  AUTHOR = {F. Glover},
  TITLE = "{Tabu Search and adaptive memory programming - advances, applications and challenges}",
  BOOKTITLE = {Interfaces in Computer Sciences and Operations Research},
  PUBLISHER = {Kluwer Academic Publishers},
  SERIES = {},
  CHAPTER = {},
  PAGES = {1-75},
  YEAR = {1996},
  EDITOR = {R. Barr and R. Helgason and J. Kennington}
}


@ARTICLE{Hans02,
  author = {H. G. Beyer and H. P. Schwefel},
  title = {Evolution strategies - A comprehensive introduction},
  journal = {Natural Computing},
  year = {2002},
  volume = {1},
  pages = {3-52},
  number = {}
}

@INPROCEEDINGS{Coelho2011OptFrame,
  AUTHOR =       {I. M. Coelho and P. L. A. Munhoz and M. N. Haddad and V. N. Coelho and M. M. Silva and M.
J. F. Souza and L. S. Ochi},
  TITLE =        {A Computational Framework for Combinatorial Optimization Problems},
  BOOKTITLE =    {VII ALIO/EURO Workshop on Applied Combinatorial Optimization},
  YEAR =         {2011},
  editor =       {},
  number =       {},
  series =       {},
  pages =        {51-54},
  address =      {Porto},
  month =        {},
  organization = {},
  publisher =    {},
  note =         {},
  abstract =     {},
  keywords =     {},
}

@INPROCEEDINGS{Coelho2010OptFrame,
  AUTHOR =       {I. M. Coelho and S. Ribas and M. H. P. Perche and P. L. A. Munhoz and M.J. F. Souza and L. S. Ochi},
  TITLE =        {OptFrame: a computational framework for combinatorial optimization problems},
  booktitle = {XLII Simpósio Brasileiro de Pesquisa Operacional},
  year = {2010},
  pages = {1887 - 1898},
  address = {Bento Gonçalves, RS}
}

@INPROCEEDINGS{gabrichtendenciasSBPO2017,
  title={TEND{\^E}NCIAS PARA SISTEMAS MICROGRIDS EM CIDADES INTELIGENTES: UMA VIS{\~A}O SOBRE A BLOCKCHAIN},
  author={Gabrich, Yuri B and Coelho, Igor M and Coelho, Vitor N},
    year = {2017},
  pages = {1 - 12},
   booktitle = {XLIX Simpósio Brasileiro de Pesquisa Operacional},
  address = {Blumenau, SC}
  
}

@INPROCEEDINGS{Coelho2010EternityII,
  AUTHOR =       {I. M. Coelho and B. N. Coelho and V. N. Coelho and M. N. Haddad and M. J. F. Souza and L. S. Ochi},
  TITLE =        {A General Variable Neighborhood Search approach for the resolution of the Eternity II Puzzle},
  booktitle = {Proceedings of International Conference on Metaheuristics and Nature Inspired Computing (META'10)},
  year = {2010},
  address = {Djerba Island, Tunisia}
}

@incollection {Zitzler98,
   author = {E. Zitzler and L. Thiele},
   affiliation = {Swiss Federal Institute of Technology Zurich Computer Engineering and Communication Networks
Laboratory (TIK) Gloriastrasse 35 CH-8092 Zurich Switzerland Gloriastrasse 35 CH-8092 Zurich Switzerland},
   title = {Multiobjective optimization using evolutionary algorithms - A comparative case study},
   booktitle = {Parallel Problem Solving from Nature - PPSN V},
   series = {Lecture Notes in Computer Science},
   editor = {Eiben, Agoston and Back, Thomas and Schoenauer, Marc and Schwefel, Hans-Paul},
   publisher = {Springer Berlin / Heidelberg},
   pages = {292-301},
   volume = {1498},
   year = {1998}
}

@MastersThesis{Schott95,
	author = {J. R. Schott},
	title = {Fault tolerant design using single and multicriteria genetic algorithm optimization},
	school = {Department of Aeronautics and Astronautics, Massachusetts Institute of Technology, Cambridge},
	year = {1995},
	type = {Disserta\c{c}{\~a}o de Mestrado},
	address = {Massachusetts},
}

@article{penna2013,
year={2013},
issn={1381-1231},
journal={Journal of Heuristics},
volume={19},
number={2},
title={An Iterated Local Search heuristic for the Heterogeneous Fleet Vehicle Routing Problem},
publisher={Springer US},
keywords={Heterogeneous Fleet Vehicle Routing Problem; Fleet size and mix; Metaheuristic; Iterated Local Search},
author={Penna, PucaHuachiVaz and Subramanian, Anand and Ochi, LuizSatoru},
pages={201-232},
language={English}
}

@ARTICLE{golden84,
AUTHOR = "Bruce L. Golden and Arjang A. Assad and Larry Levy and Filip Gheysens",
TITLE = "The fleet size and mix vehicle routing problem",
JOURNAL = "Computers \& OR",
PAGES = {49-66},
YEAR = {1984},
VOLUME = {}
}

@article{clarke1964,
    author = {Clarke, G. and Wright, J. W.},
    journal = {Operations Research},
    number = {4},
    pages = {568--581},
    posted-at = {2010-04-19 09:24:40},
    priority = {2},
    title = {{Scheduling of Vehicles from a Central Depot to a Number of Delivery Points}},
    volume = {12},
    year = {1964}
}

@article{Choi:2007,
 author = {Choi, Eunjeong and Tcha, Dong-Wan},
 title = {A column generation approach to the heterogeneous fleet vehicle routing problem},
 journal = {Comput. Oper. Res.},
 issue_date = {July, 2007},
 volume = {34},
 number = {7},
 month = jul,
 year = {2007},
 pages = {2080--2095},
 numpages = {16},
 publisher = {Elsevier Science Ltd.},
 address = {Oxford, UK, UK},
 keywords = {Column generation, Fleet mix, Heterogeneous fleet vehicle routing problem, Vehicle routing},
} 

@article{Baldacci2009,
  author    = {Roberto Baldacci and
               Aristide Mingozzi},
  title     = {A unified exact method for solving different classes of
               vehicle routing problems},
  journal   = {Math. Program.},
  volume    = {120},
  number    = {2},
  year      = {2009},
  pages     = {347-380}
}

@inproceedings{Ochi98,
  author    = {Luiz Satoru Ochi and
               Dalessandro Soares Vianna and
               L{\'u}cia Maria de A. Drummond and
               Andr{\'e} O. Victor},
  title     = {An Evolutionary Hybrid Metaheuristic for Solving the Vehicle
               Routing Problem with Heterogeneous Fleet},
  booktitle = {EuroGP},
  year      = {1998},
  pages     = {187-195},
  ee        = {http://dx.doi.org/10.1007/BFb0055938},
  bibsource = {DBLP, http://dblp.uni-trier.de}
}

@article{hernandez2013,
year={2013},
issn={1619-4500},
journal={4OR},
title={A new exact algorithm to solve the multi-trip vehicle routing problem with time windows and limited duration},
publisher={Springer-Verlag},
keywords={Vehicle routing; Time windows; Multi-trip; Column Generation; Dynamic programming; Branch and Price; 90},
author={Hernandez, F. and Feillet, D. and Giroudeau, R. and Naud, O.},
pages={1-25},
language={English},
volume={}
}

@article{Prins09,
  author    = {Christian Prins},
  title     = {Two memetic algorithms for heterogeneous fleet vehicle routing
               problems},
  journal   = {Eng. Appl. of AI},
  volume    = {22},
  number    = {6},
  year      = {2009},
  pages     = {916-928},
  ee        = {http://dx.doi.org/10.1016/j.engappai.2008.10.006},
  bibsource = {DBLP, http://dblp.uni-trier.de}
}



@PHDTHESIS{or76,
  author = {I. Or},
  title = {Traveling salesman-type combinational problems and their relation
	to the logistics of blood banking},
  school = {Northwestern University},
  year = {1976},
  address = {USA}
}

@article{Prins2002,
year={2002},
issn={1570-1166},
journal={Journal of Mathematical Modelling and Algorithms},
volume={1},
number={2},
title={Efficient Heuristics for the Heterogeneous Fleet Multitrip VRP with Application to a Large-Scale Real Case},
publisher={Kluwer Academic Publishers},
keywords={vehicle routing; heterogeneous fleet; bin packing; tabu search},
author={Prins, Christian},
pages={135-150},
language={English}
}

@article{CoelhoIgorEURO2012,

title = "A hybrid heuristic based on General Variable Neighborhood Search for the Single Vehicle Routing Problem with
Deliveries and Selective Pickups ",

journal = "Electronic Notes in Discrete Mathematics ",

volume = "39",

number = "0",

pages = "99 - 106",

year = "2012",

author = "I. M. Coelho and P. L. A. Munhoz and M. N. Haddad and M. J. F. Souza and L. S. Ochi",

keywords = "Single Vehicle Routing Problem with Deliveries and Selective Pickups",

keywords = "General Variable Neighborhood Search",

keywords = "Hybrid Metaheuristics "

}



@article{CoelhoVitorEURO2012,
title = "Multi-objective approaches for the open-pit mining operational planning problem ",

journal = "Electronic Notes in Discrete Mathematics ",

volume = "39",

number = "0",

pages = "233 - 240",

year = "2012",

issn = "1571-0653",

author = "V. N. Coelho and M. J. F. Souza and I. M. Coelho and F. G. Guimaraes and T. Lust and R. C. Cruz",

keywords = "Open-pit-mining",

keywords = "Multi-objective optimization",

keywords = "Two-phase Pareto Local Search with \{VNS\}",

keywords = "Multi-objective Variable Neighborhood Search",

keywords = "NSGA-II "

}

@article{RibeiroR12,
  author    = {Celso C. Ribeiro and
               Mauricio G. C. Resende},
  title     = {Path-relinking intensification methods for stochastic local
               search algorithms},
  journal   = {J. Heuristics},
  volume    = {18},
  number    = {2},
  year      = {2012},
  pages     = {193-214},
  ee        = {http://dx.doi.org/10.1007/s10732-011-9167-1},
  bibsource = {DBLP, http://dblp.uni-trier.de}
}

@BOOK{ElonLages2009,
  title = {Analysis course},
  publisher = {Euclides project},
  volume    = {1},
  year = {2009},
  author = {Lima, Elon Lages},
  address = {Rio de Janeiro: Association National Institute of Pure and Applied Mathematics}
}


@ARTICLE{Beume2009,
author={Beume, N. and Fonseca, C.M. and Lopez-Ibanez, M. and Paquete, L. and Vahrenhold, J.},
journal={Evolutionary Computation, IEEE Transactions on},
title={On the Complexity of Computing the Hypervolume Indicator},
year={2009},
volume={13},
number={5},
pages={1075 -1082},
doi={10.1109/TEVC.2009.2015575},
}


@article {Aiex07,
   author = {Aiex, Renata and Resende, Mauricio and Ribeiro, Celso},
   affiliation = {Catholic University of Rio de Janeiro Department of Computer Science Rio de Janeiro RJ 22451 Brazil},
   title = {TTTplots: a perl program to create time-to-target plots},
   journal = {Optimization Letters},
   publisher = {Springer Berlin / Heidelberg},
   keyword = {Business and Economics},
   pages = {355-366},
   volume = {1},
   issue = {4},
   year = {2007}
}

@INPROCEEDINGS{Almeida2011,
  author = {B. M. A. Almeida and V. N. Coelho and  I. M. Coelho M. J. F. Souza and B. N. Coelho},
  title = {{MSGVNS}: Um algoritmo heurístico para o problema de gerenciamento de escala operacional de controladores de
tráfego aéreo},
  booktitle = {X Simpósio de Pesquisa em Transporte Aéreo},
  year = {2011},
  pages = {1-12},
  address = {Ouro Preto, MG}
}

@article{Zhang2013a,

title = "A hybrid artificial bee colony algorithm for the job shop scheduling problem ",

journal = "International Journal of Production Economics ",

volume = "141",

number = "1",

pages = "167 - 178",

year = "2013",

author = "Rui Zhang and Shiji Song and Cheng Wu",

}



@article{Liefooghe20111,

title = "A software framework based on a conceptual unified model for evolutionary multiobjective optimization:
ParadisEO-MOEO ",

journal = "European Journal of Operational Research ",

volume = "209",

number = "2",

pages = "104 - 112",

year = "2011",

author = "Arnaud Liefooghe and Laetitia Jourdan and El-Ghazali Talbi",

keywords = "Multiple objective programming",

keywords = "Evolutionary algorithms",

keywords = "Conceptual unified model",

keywords = "Algorithm design and implementation",

keywords = "Software framework "

}



@article{Brito2012,
title = "A SA-VNS approach for the High School Timetabling Problem",
journal = "Electronic Notes in Discrete Mathematics",
volume = "39",
number = "0",
pages = "169 - 176",
year = "2012",
author = "Samuel S. Brito and George H.G. Fonseca and Tulio A.M. Toffolo and Haroldo G. Santos and Marcone J.F. Souza",
keywords = "Variable Neighbourhood Search",
keywords = "Simulated Annealing",
keywords = "High School Timetabling Problem",
keywords = "Third International Timetabling Competition"
}

@article{Qaurooni2013,

title = "Course timetabling using evolutionary operators ",

journal = "Applied Soft Computing ",

volume = "13",

number = "5",

pages = "2504 - 2514",

year = "2013",

author = "Danial Qaurooni and Mohammad-R. Akbarzadeh-T",

keywords = "Combinatorial optimization",

keywords = "Scheduling and timetabling",

keywords = "Evolutionary operators",

keywords = "Memetic algorithms",

keywords = "Grouping genetic algorithms "

}



@article{Essafi2008,

title = "A genetic local search algorithm for minimizing total weighted tardiness in the job-shop scheduling problem ",

journal = "Computers \& Operations Research ",

volume = "35",

number = "8",

pages = "2599 - 2616",

year = "2008",

author = "Imen Essafi and Yazid Mati and Stéphane Dauzère-Pérès",

keywords = "Job-shop scheduling",

keywords = "Total weighted tardiness",

keywords = "Hybrid genetic algorithm",

keywords = "Local search "

}

@INCOLLECTION{ResendeAndRibeiro2010,
  author = {M. G. C. Resende and C. C. Ribeiro},
  title = {Greedy randomized adaptive search procedures: Advances, hybridizations, and applications},
  booktitle = {Handbook of Metaheuristics},
  publisher = {Springer},
  year = {2010},
  edition = {2},
  editor = {M. Gendreau and J.Y. Potvin},
  pages = {283-319},
  address = {New York}
}


@INPROCEEDINGS{IgorET2010,
  author = {I. M. Coelho and B. N Coelho and V. N. Coelho and  M. N. Haddad and M. J. F. Souza and L. S. Ochi},
  title = {A General Variable Neighborhood Search approach for the resolution of the Eternity II Puzzle},
  booktitle = {International Conference on Metaheuristics and Nature Inspired Computing (META'10)},
  year = {2010},
  pages = {1-4},
  address = {Djerba Island, Tunisia.}
}

@INPROCEEDINGS{Coelho2011ESCBIC,
  author = {V. N. Coelho and M. J. F. Souza and I. M. Coelho and F. G. Guimarães and B. N. Coelho},
  title = {Estratégias Evolutivas aplicadas a um problema de Programação Inteira Mista},
  booktitle = {Anais X Congresso Brasileiro de Inteligência Computaciona (CBIC)},
  year = {2011},
  volume = {1},
  pages = {1-8},
  address = {Fortaleza/CE}
}

@INPROCEEDINGS{Coelho2011ESSPOLM,
  author = {V. N. Coelho and M. J. F. Souza and I. M. Coelho and F. G. Guimarães and B. N. Coelho},
  title = {Um Algoritmo Baseado em Estratégias Evolutivas para o Problema de Planejamento Operacional de Lavra},
  booktitle = {Anais XIV Simpósio de Pesquisa Operacional \& Logística da Marinha (SPOLM)},
  year = {2011},
  volume = {1},
  pages = {1-12},
  address = {Rio de Janeiro/RJ}
}



@article{Osman1993,
    author = {Osman, Ibrahim H.},
    doi = {10.1007/bf02023004},
    issn = {0254-5330},
    journal = {Annals of Operations Research},
    month = dec,
    number = {4},
    pages = {421--451},
    title = {{Metastrategy simulated annealing and tabu search algorithms for the vehicle routing problem}},
    volume = {41},
    year = {1993}
}

@article{Taillard1997,
    author = {Taillard, Eric and Badeau, Philippe and Gendreau, Michel and Guertin, Francois and Potvin, Jean-Yves},
    doi = {10.1287/trsc.31.2.170},
    journal = {Transportation Science},
    month = may,
    number = {2},
    pages = {170--186},
    priority = {2},
    title = {{A Tabu Search Heuristic for the Vehicle Routing Problem with Soft Time Windows}},
    volume = {31},
    year = {1997}
}

@ONLINE{Souza2013,
author = {M. J. F. Souza},
title = {Notas de aula: Inteligência Computacional para Otimização},
month = may,
year = {2013},
url = {http://www.decom.ufop.br/prof/marcone}
}

@book{Applegate2007,
 author = {Applegate, David L. and Bixby, Robert E. and Chvatal, Vasek and Cook, William J.},
 title = {The Traveling Salesman Problem: A Computational Study (Princeton Series in Applied Mathematics)},
 year = {2007},
 isbn = {0691129932, 9780691129938},
 publisher = {Princeton University Press},
 address = {Princeton, NJ, USA},
} 


@Article{kirkpatricketal83,
	author 		= {S. Kirkpatrick and C. D. Gelatt and M. P. Vecchi},
	title 		= {Optimization by Simulated Annealing},
	journal 	= {Science},
	volume 		= {4598},
	number 		= {13},
	month 		= {May},
	pages 		= {671--680},
	url 		= {citeseer.ist.psu.edu/kirkpatrick83optimization.html},
	year 		= {1983}
}


@Article{ Feo95,
	author = "T. A. Feo and M. G. C. Resende",
	title = "Greedy randomized adaptive search procedures",
	journal = "Journal of Global Optimization",
	volume = "6",
	number = "",
	pages = "109--133",
	year = "1995"
}



@INCOLLECTION{ResendeAndRibeiro2003,
  author = {M. G. C. Resende and C. C. Ribeiro},
  title = {Greedy randomized adaptive search procedures},
  booktitle = {Handbook of Metaheuristics},
  publisher = {Kluwer Academic Publishers},
  year = {2003},
  editor = {F. Glover and G. Kochenberger},
  pages = {219-242},
  address = {Boston}
}


@Book{Glover97,
	title = "{Tabu Search}",
	publisher = "Kluwer Academic Publishers",
	year = "1997",
	author = "F. Glover and M. Laguna",
	address = "Boston",
	keywords = "PO"
}

@article{Yang2010,

title = "An improved ant colony optimization algorithm for solving a complex combinatorial optimization problem ",

journal = "Applied Soft Computing ",

volume = "10",

number = "2",

pages = "653 - 660",

year = "2010",

author = "Jingan Yang and Yanbin Zhuang",

}



@article{Blum2005,

title = "Ant colony optimization: Introduction and recent trends ",

journal = "Physics of Life Reviews ",

volume = "2",

number = "4",

pages = "353 - 373",

year = "2005",

author = "Christian Blum",

}


@article{laporteVehicle2009,
    address = {Institute for Operations Research and the Management Sciences (INFORMS), Linthicum, Maryland, USA},
    author = {Laporte, Gilbert},
    issn = {1526-5447},
    journal = {Transportation Science},
    month = nov,
    pages = {408--416},
    posted-at = {2012-09-26 21:50:05},
    priority = {3},
    publisher = {INFORMS},
    title = {{Fifty Years of Vehicle Routing}},
    volume = {43},
    year = {2009}
}

@incollection {Lust2011,
   author = {Lust, Thibaut and Teghem, Jacques and Tuyttens, Daniel},
   affiliation = {Laboratory of Mathematics & Operational Research, Faculté Polytechnique de Mons, 20, place du parc,
7000 Mons, Belgium},
   title = {Very Large-Scale Neighborhood Search for Solving Multiobjective Combinatorial Optimization Problems},
   booktitle = {Evolutionary Multi-Criterion Optimization},
   series = {Lecture Notes in Computer Science},
   editor = {Takahashi, Ricardo and Deb, Kalyanmoy and Wanner, Elizabeth and Greco, Salvatore},
   publisher = {Springer Berlin / Heidelberg},
   pages = {254-268},
   volume = {6576},
   year = {2011}
}

@article {Lust2010,
   author = {Lust, Thibaut and Teghem, Jacques},
   affiliation = {Faculté Polytechnique de Mons, Laboratory of Mathematics and Operational Research Mons Belgium},
   title = {Two-phase Pareto local search for the biobjective traveling salesman problem},
   journal = {Journal of Heuristics},
   publisher = {Springer Netherlands},
   issn = {1381-1231},
   keyword = {Mathematics and Statistics},
   pages = {475-510},
   volume = {16},
   issue = {3},
   year = {2010}
}



@ARTICLE{Geiger2004,
  author = {Geiger, Martin Josef},
  title = {Randomised Variable Neighbourhood Search for Multi Objective Optimisation},
  journal = {In Proceedings of the 4th EUME Workshop Design and Evaluation of
	Advanced Hybrid MetaHeuristics},
  year = {2004},
  volume = {November 4},
  pages = {34--42},
  number = {Nottingham, United Kingdom,},
  url = {http://arxiv.org/abs/0809.0271}
}

@ARTICLE{Deb2002,
author={Deb, K. and Pratap, A. and Agarwal, S. and Meyarivan, T.},
journal={Evolutionary Computation, IEEE Transactions on},
title={A fast and elitist multiobjective genetic algorithm: {NSGA-II}},
year={2002},
volume={6},
number={2},
pages={182-197},
doi={10.1109/4235.996017},
ISSN={1089-778X},
}

@ARTICLE{Dantzig1954,
    author = {G Dantzig and R Fulkerson and S Johnson},
    title = {Solution of a large-scale traveling-salesman problem},
    journal = {Operations Research},
    year = {1954},
    volume = {2},
    pages = {393--410}
}

@INPROCEEDINGS{Munhoz2012,
  author = {Munhoz, P. L. A. and Ochi, L. S. and Souza, M. J. F.},
  title = {Um algoritmo baseado em Iterated Local Search para o Problema de Roteamento de Ve\'iculos Peri\'odico},
  booktitle = {Anais XXXII Encontro Nacional de Engenharia de Produ\c{c}\~ao (ENEGEP)},
  year = {2012},
  volume = {1},
  pages = {1--15},
  address = {Bento Gon\c{c}alves/RS}
}


@article{Gaspero2003,
 author = {Di Gaspero, Luca and Schaerf, Andrea},
 title = {EasyLocal++: an object-oriented framework for the flexible design of local-search algorithms},
 journal = {Softw. Pract. Exper.},
 volume = {33},
 number = {8},
 month = jul,
 year = {2003},
 issn = {0038-0644},
 pages = {733--765},
 numpages = {33},
 acmid = {876810},
 publisher = {John Wiley \& Sons, Inc.},
 address = {New York, NY, USA},
 keywords = {(meta-)heuristics, algorithms design and implementation, analysis of algorithms, local search},
} 



@incollection{Fink2003,
year={2003},
isbn={978-1-4020-7002-0},
booktitle={Optimization Software Class Libraries},
volume={18},
series={Operations Research/Computer Science Interfaces Series},
editor={Vob, Stefan and Woodruff, DavidL.},
title={Hotframe: A Heuristic Optimization Framework},
publisher={Springer US},
author={Fink, Andreas and Voß, Stefan},
pages={81-154}
}

@inproceedings{Graccho99,
 author    = {M. Graccho and S. C. S. Porto},
 title     = {{TabOOBuilder}: An Object-Oriented Framework for Building Tabu Search Applications.},
 booktitle = {Proceedings of the Third Metaheuristics International Conference},
 pages     = {247-251},
 volume    = {},
 address   = {Angra dos Reis, Rio de Janeiro},
 year      = {1999}
}


@inproceedings{Mendes01,
 author    = {A. Mendes and P. Fran\c{c}a and P. Moscato},
 title     = {{NP-Opt}: an optimization framework for NP problems},
 booktitle = {Proceedings of the IV SIMPOI/POMS 2001},
 pages     = {11--14},
 volume    = {},
 address   = {GuarujÃ¡, S\~ao Paulo},
 year      = {2001}
}

@inproceedings{Dorne05,
 author    = {R. Dorne and P. Mills and C. Voudouris},
 title     = {Solving Vehicle Routing using {iOpt}},
 booktitle = {Proceedings of MIC 2005 - The 6th Metaheuristics International Conference},
 pages     = {},
 volume    = {},
 address   = {Viena, \'Austria},
 year      = {2005}
}


@techreport{jMetal,
author = {Juan J. Durillo and Antonio J. Nebro and Francisco Luna and Bernab\'e Dorronsoro and Enrique Alba},
title = {{jMetal}: A Java Framework for Developing Multi-Objective Optimization Metaheuristics},
institution = {Departamento de Lenguajes y Ciencias de la Computaci\'on, University of M\'alaga},
address = {E.T.S.I. Inform\'atica, Campus de Teatinos},
number = {ITI-2006-10},
year = {2006}
}

@article{ParadisEO,
author = {Cahon, S. and Melab, N. and Talbi, E.-G.},
title = {Paradis{EO}: A Framework for the Reusable Design of Parallel
and Distributed Metaheuristics},
journal = {Journal of Heuristics},
volume = {10},
number = {3},
year = {2004},
issn = {},
pages = {357--380},
doi = {},
publisher = {Kluwer Academic Publishers},
address = {Hingham, MA, USA},
}

@article{Watanabe20011,

title = "On sampling the degree-of-freedom of Student's-t disturbances ",

journal = "Statistics \& Probability Letters ",

volume = "52",

number = "2",

pages = "177 - 181",

year = "2001",

issn = "0167-7152",

author = "Toshiaki Watanabe",

}


@article{CamposecoNegrete2013,

title = "Optimization of cutting parameters for minimizing energy consumption in turning of \{AISI\} 6061 \{T6\} using
Taguchi methodology and \{ANOVA\} ",

journal = "Journal of Cleaner Production ",

volume = "",

number = "0",

note = "InPress",

year = "2013",

issn = "0959-6526",

doi = "10.1016/j.jclepro.2013.03.049",

author = "Carmita Camposeco-Negrete",

}


@article{Civicioglu2013,

title = "Backtracking Search Optimization Algorithm for numerical optimization problems ",

journal = "Applied Mathematics and Computation ",

volume = "219",

number = "15",

pages = "8121 - 8144",

year = "2013",

note = "",

issn = "0096-3003",

doi = "10.1016/j.amc.2013.02.017",


author = "Pinar Civicioglu",

}



@article{Derrac2011,

title = "A practical tutorial on the use of nonparametric statistical tests as a methodology for comparing evolutionary
and swarm intelligence algorithms ",

journal = "Swarm and Evolutionary Computation ",

volume = "1",

number = "1",

pages = "3 - 18",

year = "2011",

note = "",

issn = "2210-6502",

doi = "10.1016/j.swevo.2011.02.002",

author = "Joaquín Derrac and Salvador García and Daniel Molina and Francisco Herrera",

keywords = "Statistical analysis",

keywords = "Nonparametric statistics",

keywords = "Pairwise comparisons",

keywords = "Multiple comparisons",

keywords = "Evolutionary algorithms",

keywords = "Swarm intelligence algorithms "

}


@ARTICLE{Zitzler2003,
    author={Zitzler, E. and Thiele, L. and Laumanns, M. and Fonseca, C.M. and da Fonseca, V.G.},
    journal={Evolutionary Computation, IEEE Transactions on},
    title={Performance assessment of multiobjective optimizers: an analysis and review},
    year={2003},
    volume={7},
    number={2},
    pages={117-132},
    keywords={approximation theory;genetic algorithms;Pareto-optimal set;approximation set;evolutionary
    algorithms;multiobjective optimization;performance assessment;quality indicator;Algorithm design and analysis;Computer
    networks;Design engineering;Electronic mail;Evolutionary computation;Helium;Laboratories;Performance analysis;Quality
    assessment;Space technology},
    doi={10.1109/TEVC.2003.810758},
    ISSN={1089-778X},
}


misc{Luke2009Metaheuristics,
    author = {Sean Luke},
    title = { Essentials of Metaheuristics},
    month = jun,
    year = {2013},
    url = {http://cs.gmu.edu/$\sim$sean/book/metaheuristics/}
}

@article{Zhang2013,
    title = "Solving 0-1 knapsack problems based on amoeboid organism algorithm ",
    journal = "Applied Mathematics and Computation ",
    volume = "219",
    number = "19",
    pages = "9959 - 9970",
    year = "2013",
    note = "",
    issn = "0096-3003",
    author = "Xiaoge Zhang and Shiyan Huang and Yong Hu and Yajuan Zhang and Sankaran Mahadevan and Yong Deng",
}


@article{Ekonomou2010,

title = "Greek long-term energy consumption prediction using artificial neural networks ",

journal = "Energy ",

volume = "35",

number = "2",

pages = "512 - 517",

year = "2010",

issn = "0360-5442",

doi = "http://dx.doi.org/10.1016/j.energy.2009.10.018",

author = "L. Ekonomou",

keywords = "Artificial neural networks",

keywords = "Energy consumption",

keywords = "Gross domestic product",

keywords = "Installed capacity",

keywords = "Multilayer perceptron",

keywords = "Prediction",

keywords = "Linear regression method",

keywords = "Support vector machine method "

}


@article{Delarue2008,

title = "Adaptive mixed-integer programming unit commitment strategy for determining the value of forecasting ",

journal = "Applied Energy ",

volume = "85",

number = "4",

pages = "171 - 181",

year = "2008",

note = "",

issn = "0306 - 2619",

doi = "http://dx.doi.org/10.1016/j.apenergy.2007.07.007",

author = "Erik Delarue and William D'haeseleer",

keywords = "Electricity-generation modelling",

keywords = "Unit commitment (UC)",

keywords = "Mixed-integer linear programming (MILP)",

keywords = "Forecasting "

}


@article{Georgopoulou2009,

title = "Two-level, two-objective evolutionary algorithms for solving unit commitment problems ",

journal = "Applied Energy ",

volume = "86",

number = "7-8",

pages = "1229 - 1239",

year = "2009",

note = "",

issn = "0306-2619",

doi = "http://dx.doi.org/10.1016/j.apenergy.2008.08.001",

author = "Chariklia A. Georgopoulou and Kyriakos C. Giannakoglou",

keywords = "Unit commitment",

keywords = "Evolutionary algorithms",

keywords = "Multilevel search",

keywords = "Multiobjective optimization",

keywords = "Stochastic power demand distribution "

}


@book{Koza1992,
 author = {Koza, John R.},
 title = {Genetic programming: on the programming of computers by means of natural selection},
 year = {1992},
 isbn = {0-262-11170-5},
 publisher = {MIT Press},
 address = {Cambridge, MA, USA},
} 

@ARTICLE{Song2008,
author={Song, E.Y. and Lee, K.},
journal={Instrumentation Measurement Magazine, IEEE},
title={Understanding IEEE 1451-Networked smart transducer interface standard - What is a smart transducer?},
year={2008},
volume={11},
number={2},
pages={11-17},
keywords={IEEE standards;intelligent sensors;measurement standards;transducers;IEEE 1451 standard;interface
standard;interoperability;networked smart transducer;Actuators;Biosensors;Chemical and biological sensors;Communication
system control;Condition monitoring;Intelligent sensors;Protocols;Sensor arrays;Signal processing;Transducers},
doi={10.1109/MIM.2008.4483728},
ISSN={1094-6969},}


@ARTICLE{Souza2010,
  author = {M. J. F. Souza and I. M. Coelho and S. Ribas and H. G. Santos and L. H. C. Merschmann},
  title = {A hybrid heuristic algorithm for the open-pit-mining operational planning problem},
  journal = {European Journal of Operational Research, EJOR},
  year = {2010},
  volume = {207},
  pages = {1041-1051},
  note = {}
}

@incollection {Marti2003,
   author = {R. Martí},
   title = {Multi-Start Methods},
   booktitle = {Handbook of Metaheuristics},
   series = {International Series in Operations Research \& amp; Management Science},
   editor = {Glover, Fred and Kochenberger, Gary},
   publisher = {Springer New York},
   pages = {355-368},
   volume = {57},
   year = {2003}
}

@BOOK{ElonLages2009,
  title = {Curso de análise},
  publisher = {Projeto Euclides},
  volume    = {1},
  number    = {12},
  year = {2009},
  author = {Lima, Elon Lages},
  address = {Rio de Janeiro: Associação Instituto Nacional de Matemática Pura e Aplicada}
}


@BOOK{ClarkWGellings2009-SmartGrid,
  AUTHOR =       {Clark W. Gellings},
  editor =       {},
  TITLE =        {The Smart Grid: Enabling Energy Efficiency and Demand Response},
  PUBLISHER =    {The Fairmont Press},
  YEAR =         {2009},
  volume =       {},
  number =       {},
  address =      {},
  edition =      {},
  month =        {},
  note =         {},
  abstract =     {},
  isbn =         {ISBN 0-88173-624-4},
  price =        {},
  keywords =     {},
  source =       {}
}

@incollection{Kallrath2009-EnergyIndustry-char1,

title = {Chapter 1 - {C}urrent and {F}uture {C}hallenges for {P}roduction {P}lanning {S}ystems},

editor =   {Josef Kallrath and Panos M. Pardalos and Steffen Rebennack and Max Scheidt},

booktitle = {Optimization in Energy Industry},
PUBLISHER =    {Springer},
YEAR =         {2009},
volume =       {},
number =       {},
series =       {Energy Systems},
isbn =         {ISBN 978-3-540-88965-6},

}

@incollection{ClarkWGellings2009-SmartGrid-char1,
  AUTHOR =       {Clark W. Gellings},
  editor =       {},
  title = {Chapter 1 - {W}hat is the {S}mart {G}rid},
  booktitle =        {The Smart Grid: Enabling Energy Efficiency and Demand Response},
  PUBLISHER =    {The Fairmont Press},
  YEAR =         {2009},
  volume =       {},
  number =       {},
  address =      {},
  edition =      {},
  month =        {},
  note =         {},
  abstract =     {},
  isbn =         {ISBN 0-88173-624-4},
  price =        {},
  keywords =     {},
  source =       {}
}


@article{Batista2013,

title = "Photovoltaic and wind energy systems monitoring and building/home energy management using ZigBee devices within a smart grid ",

journal = "Energy ",

volume = "49",

number = "0",

pages = "306 - 315",

year = "2013",

note = "",

issn = "0360-5442",

doi = "http://dx.doi.org/10.1016/j.energy.2012.11.002",

author = "N.C. Batista and R. Melício and J.C.O. Matias and J.P.S. Catalão",

keywords = "Photovoltaic energy",

keywords = "Wind energy",

keywords = "Monitoring",

keywords = "Energy management",

keywords = "ZigBee",

keywords = "Smart grid "

}

@INPROCEEDINGS{Rogers2012-Challenges,
  author = {A. Rogers and S. D. Ramchurn and N. R. Jennings},
  title = {Challenges for autonomous agents and multi-agent systems research},
  booktitle = {Twenty-Sixth AAAI Conference on Artificial Intelligence
(AAAI-12)},
  year = {2012},
  pages = {2166-2172},
  address = {Toronto, CA}
}

@article{McHenry2013,
title = "Technical and governance considerations for advanced metering infrastructure/smart meters: Technology, security, uncertainty, costs, benefits, and risks ",
journal = "Energy Policy ",
volume = "59",
pages = "834 - 842",
year = "2013",
issn = "0301-4215",
doi = "http://dx.doi.org/10.1016/j.enpol.2013.04.048",
author = "Mark P. McHenry",
}

@incollection{Krishnan2013,

title = "Chapter 1 - Introduction to Big Data ",

editor = "",

booktitle = "Data Warehousing in the Age of Big Data ",

publisher = "Morgan Kaufmann",

edition = "",

address = "Boston",

year = "2013",

pages = "3 - 14",

isbn = "978-0-12-405891-0",

doi = "10.1016/B978-0-12-405891-0.00001-5",

author = "Krish Krishnan",

keywords = "Big Data",

keywords = "data warehousing",

keywords = "sentiments",

keywords = "social media",

keywords = "machine data "

}

@ARTICLE{Taylor2007, 

author={Taylor, J.W. and McSharry, P.E.}, 

journal={Power Systems, IEEE Transactions on}, 

title={Short-Term Load Forecasting Methods: An Evaluation Based on European Data}, 

year={2007}, 

volume={22}, 

number={4}, 

pages={2213-2219}, 

ISSN={0885-8950}
}

@incollection {Marti2003,
   author = {R. Martí},
   title = {Multi-Start Methods},
   booktitle = {Handbook of Metaheuristics},
   series = {International Series in Operations Research \& amp; Management Science},
   editor = {Glover, Fred and Kochenberger, Gary},
   publisher = {Springer New York},
   pages = {355-368},
   volume = {57},
   year = {2003}
}


@article {Feo94,
   author = {T. A. Feo and M. G. C. Resende and S. H. Smith},
   affiliation = {},
   title = {A greedy randomized adaptive search procedure for maximum independent set},
   journal = {Operations Research},
   publisher = {},
   issn = {},
   keyword = {Computer Science},
   volume = {42},
   pages = {860-878},
   url = {},
   note = {},
   year = {1994}
}

@article {Ribeiro2012,
   author = {C. C. Ribeiro and M. G. C. Resende},
   affiliation = {Department of Computer Science, Universidade Federal Fluminense, Rua Passo da Pátria 156, Niterói, RJ
24210-240, Brazil},
   title = {Path-relinking intensification methods for stochastic local search algorithms},
   journal = {Journal of Heuristics},
   publisher = {Springer Netherlands},
   volume = {18},
   year = {2012},
   keyword = {Mathematics and Statistics},
   pages = {193--214},

}

@Article{Aiex02,
	title = "{Probability distribution of solution time in GRASP: An experimental investigation}",
	author = "R. M. Aiex and M. G. C. Resende and C. C. Ribeiro",
	journal = "Journal of Heuristics",
	volume = "8",
	pages = "343--373",
	year = "2002",
	publisher = "Springer"
}

@ARTICLE{Agnaldo2005, 
author={Reis, A.J.R. and Alves da Silva, A.P.}, 
journal={Power Systems, IEEE Transactions on}, 
title={Feature extraction via multiresolution analysis for short-term load forecasting}, 
year={2005}, 
volume={20}, 
number={1}, 
pages={189-198}, 
ISSN={0885-8950}
}

@article{SilvaSousa2011,

title = "Combined heuristic with fuzzy system to transmission system expansion planning ",

journal = "Electric Power Systems Research ",

volume = "81",

number = "1",

pages = "123 - 128",

year = "2011",

note = "",

issn = "0378-7796",

author = "Aldir Silva Sousa and Eduardo N. Asada",

keywords = "Power system",

keywords = "Constructive heuristic",

keywords = "Fuzzy decision making "

}


@article{Zacharia2013,

title = "A meta-heuristic algorithm for the fuzzy assembly line balancing type-E problem ",

journal = "Computers \& Operations Research ",

volume = "40",

number = "12",

pages = "3033 - 3044",

year = "2013",

note = "",

issn = "0305-0548",

author = "P.Th. Zacharia and Andreas C. Nearchou",

}


@article{Cheok2008,

title = "Efficient mobile phone Chinese optical character recognition systems by use of heuristic fuzzy rules and bigram Markov language models ",

journal = "Applied Soft Computing ",

volume = "8",

number = "2",

pages = "1005 - 1017",

year = "2008",

note = "",

issn = "1568-4946",

doi = "http://dx.doi.org/10.1016/j.asoc.2007.02.013",


author = "Adrian David Cheok and Zhang Jian and Eng Siong Chng",

keywords = "Statistical language model",

keywords = "Markov model",

keywords = "Heuristic",

keywords = "Fuzzy logic "

}


@article{Huarng2001,

title = "Heuristic models of fuzzy time series for forecasting ",

journal = "Fuzzy Sets and Systems ",

volume = "123",

number = "3",

pages = "369 - 386",

year = "2001",

note = "",

issn = "0165-0114",

author = "Kunhuang Huarng",

}

@article{Foley20121,

title = "Current methods and advances in forecasting of wind power generation ",

journal = "Renewable Energy ",

volume = "37",

number = "1",

pages = "1 - 8",

year = "2012",

note = "",

issn = "0960-1481",

author = "Aoife M. Foley and Paul G. Leahy and Antonino Marvuglia and Eamon J. McKeogh",

}



@ARTICLE{Chen2009,

author={Chen, T.Y. and Chen, H.C.},

title={Mixed-discrete structural optimization using a rank-niche evolution strategy},

journal={Engineering Optimization},

year={2009},

volume={41},

number={1},

pages={39-58},

}

@ARTICLE{Lino01,

  author = {L. Costa and P. Oliveira},

  title = {Evolutionary algorithms approach to the solution of mixed integer non-linear programming problems},

  journal = {Computers \& Chemical Engineering},

  year = {2001},

  volume = {25},

  pages = {257-266},

  number = {10}

}

@article{song1993fuzzy,
  title={Fuzzy time series and its models},
  author={Song, Qiang and Chissom, Brad S},
  journal={Fuzzy sets and systems},
  volume={54},
  number={3},
  pages={269--277},
  year={1993},
  publisher={Elsevier}
}

@article{Enayatifar2013,

title = "Imperialist competitive algorithm combined with refined high-order weighted fuzzy time series (RHWFTS-ICA) for short term load forecasting ",

journal = "Energy Conversion and Management ",

volume = "76",

number = "0",

pages = "1104 - 1116",

year = "2013",

note = "",

issn = "0196-8904",

author = "Rasul Enayatifar and Hossein Javedani Sadaei and Abdul Hanan Abdullah and Abdullah Gani",

keywords = "Weighted fuzzy time series",

keywords = "Imperialist competitive algorithm",

keywords = "Short-term load forecasting",

keywords = "Forecast adjusting "

}



@article{Bacher2009,

title = "Online short-term solar power forecasting ",

journal = "Solar Energy ",

volume = "83",

number = "10",

pages = "1772 - 1783",

year = "2009",

note = "",

issn = "0038-092X",

author = "Peder Bacher and Henrik Madsen and Henrik Aalborg Nielsen",

}


@article{Niknam2012,

title = "An efficient scenario-based stochastic programming framework for multi-objective optimal micro-grid operation ",

journal = "Applied Energy ",

volume = "99",

number = "0",

pages = "455 - 470",

year = "2012",

note = "",

issn = "0306-2619",

author = "Taher Niknam and Rasoul Azizipanah-Abarghooee and Mohammad Rasoul Narimani",

}


@ARTICLE{Amjady2010, 
author={Amjady, N. and Keynia, F. and Zareipour, H.}, 
journal={Smart Grid, IEEE Transactions on}, 
title={Short-Term Load Forecast of Microgrids by a New Bilevel Prediction Strategy}, 
year={2010}, 
month={Dec}, 
volume={1}, 
number={3}, 
pages={286-294}, 
ISSN={1949-3053},}


@article{Liu2014,

title = "A hybrid forecasting model with parameter optimization for short-term load forecasting of micro-grids ",

journal = "Applied Energy ",

volume = "129",

number = "0",

pages = "336 - 345",

year = "2014",

note = "",

issn = "0306-2619",

author = "Nian Liu and Qingfeng Tang and Jianhua Zhang and Wei Fan and Jie Liu",

}

@article{Gangui2012,

title = "The Ultra-short Term Prediction of Wind Power Based on Chaotic Time Series ",

journal = "Energy Procedia ",

volume = "17, Part B",

number = "0",

pages = "1490 - 1496",

year = "2012",

note = "2012 International Conference on Future Electrical Power and Energy System ",

issn = "1876-6102",

author = "Yan Gangui and Liu Yu and Mu Gang and Cui Yang and Li Junhui and Liu Jigang and Meng Lei",

}


@article{Javed2012,

title = "Forecasting for demand response in smart grids: An analysis on use of anthropologic and structural data and short term multiple loads forecasting ",

journal = "Applied Energy ",

volume = "96",

number = "0",

pages = "150 - 160",

year = "2012",

note = "Smart Grids ",

issn = "0306-2619",

author = "Fahad Javed and Naveed Arshad and Fredrik Wallin and Iana Vassileva and Erik Dahlquist",

}


@INPROCEEDINGS{Chao2013, 
author={Sun, Zhi-Chao and Chen, Tsai-Hsiang and Lian, Kuo-Lung and Kuo, Cheng-Chien and Cheng, I-Ta and Chang, Yung-Ruei and Ho, Yuan-Hsiang}, 
booktitle={Industrial Electronics (ISIE), 2013 IEEE International Symposium on}, 
title={Study on load forecasting of an actual micro-grid system in Taiwan}, 
year={2013}, 
month={May}, 
pages={1-7}, 
}

@article{Javed2012,

title = "Forecasting for demand response in smart grids: An analysis on use of anthropologic and structural data and short term multiple loads forecasting ",

journal = "Applied Energy ",

volume = "96",

number = "0",

pages = "150 - 160",

year = "2012",

note = "Smart Grids ",

issn = "0306-2619",

author = "Fahad Javed and Naveed Arshad and Fredrik Wallin and Iana Vassileva and Erik Dahlquist",

}



@inproceedings{kolter2011,
  title={{REDD}: A public data set for energy disaggregation research},
  author={Kolter, J. Zico and Johnson, Matthew J.},
  booktitle={Workshop on Data Mining Applications in Sustainability (SIGKDD), San Diego, CA},
  year={2011}
}

@INPROCEEDINGS{Wai2011, 
author={Rong-Jong Wai and Yi-Chang Chen and Yung-Ruei Chang}, 
booktitle={Fuzzy Systems (FUZZ), 2011 IEEE International Conference on}, 
title={Short-term load forecasting via fuzzy neural network with varied learning rates}, 
year={2011}, 
month={June}, 
pages={2426-2431}, 
}

@article{monacchi2014greend,
  title={GREEND: An Energy Consumption Dataset of Households in Italy and Austria},
  author={Monacchi, Andrea and Egarter, Dominik and Elmenreich, Wilfried and D'Alessandro, Salvatore and Tonello, Andrea M},
  journal={arXiv preprint arXiv:1405.3100},
  year={2014}
}

@article{Wang2013,

title = "Influence of Feature Extraction Duration and Step Size on \{ANN\} based Multisensor Fire Detection Performance ",

journal = "Procedia Engineering ",

volume = "52",

number = "0",

pages = "413 - 421",

year = "2013",

issn = "1877-7058",

author = "Xue-gui Wang and Siu-ming Lo and He-ping Zhang",

}



@article{Zhang2013,

title = "Short-term wind speed forecasting based on a hybrid model ",

journal = "Applied Soft Computing ",

volume = "13",

number = "7",

pages = "3225 - 3233",

year = "2013",

note = "",

issn = "1568-4946",

author = "Wenyu Zhang and Jujie Wang and Jianzhou Wang and Zengbao Zhao and Meng Tian",

}


@article{Amico2014,

title = "Wind speed and energy forecasting at different time scales: A nonparametric approach ",

journal = "Physica A: Statistical Mechanics and its Applications ",

volume = "406",

number = "0",

pages = "59 - 66",

year = "2014",

note = "",

issn = "0378-4371",

author = "Guglielmo D'Amico and Filippo Petroni and Flavio Prattico",

}


@ARTICLE{Hong2014, 
author={Tao Hong and Wilson, J. and Jingrui Xie}, 
journal={Smart Grid, IEEE Transactions on}, 
title={Long Term Probabilistic Load Forecasting and Normalization With Hourly Information}, 
year={2014}, 
month={Jan}, 
volume={5}, 
number={1}, 
pages={456-462}, 
ISSN={1949-3053},}


@ARTICLE{Chen2007, 
author={T. L. Chen and C. H. Cheng and H. Jong Teoh }, 
journal={Smart Grid, IEEE Transactions on}, 
title={Fuzzy time-series based on Fibonacci sequence for stock price forecasting}, 
year={2007}, 
volume={90}, 
number={1}, 
pages={377-380},}



@ARTICLE{Levron2013,
author={Levron, Y. and Guerrero, J.M. and Beck, Y.},
journal={Power Systems, IEEE Transactions on},
title={Optimal Power Flow in Microgrids With Energy Storage},
year={2013},
month={Aug},
volume={28},
number={3},
pages={3226-3234},
}


@InProceedings{Macedo2014CBA,
	author = "L. H. Macedo and J. F. Franco and M. J Rider and R. Romero",
	title = "OPERA\c c\~AO \'OTIMA DE SISTEMAS DE ARMAZENAMENTO DE ENERGIA EM SMART GRIDS COM FONTES RENOV\'AVEIS",
	booktitle = "Anais do XX Congresso Brasileiro de Automática",
	year = "2014",
	address = "Belo Horizonte/MG",
}

@article{Weron2014,

title = "Electricity price forecasting: A review of the state-of-the-art with a look into the future ",

journal = "International Journal of Forecasting ",

volume = "30",

number = "4",

pages = "1030 - 1081",

year = "2014",

note = "",

issn = "0169-2070",

author = "Rafal Weron",

}


@article{Kempton2005,

title = "Vehicle-to-grid power fundamentals: Calculating capacity and net revenue ",

journal = "Journal of Power Sources ",

volume = "144",

number = "1",

pages = "268 - 279",

year = "2005",

note = "",

issn = "0378-7753",

author = "Willett Kempton and Jasna Tomi\'c",

}




@article{Saber2010,

title = "Intelligent unit commitment with vehicle-to-grid -- A cost-emission optimization ",

journal = "Journal of Power Sources ",

volume = "195",

number = "3",

pages = "898 - 911",

year = "2010",

note = "",

issn = "0378-7753",

uthor = "Ahmed Yousuf Saber and Ganesh Kumar Venayagamoorthy",

}


@article{RigoMariani2014,

title = "Optimal power dispatching strategies in smart-microgrids with storage ",

journal = "Renewable and Sustainable Energy Reviews ",

volume = "40",

number = "0",

pages = "649 - 658",

year = "2014",

note = "",

issn = "1364-0321",

doi = "http://dx.doi.org/10.1016/j.rser.2014.07.138",

author = "Rémy Rigo-Mariani and Bruno Sareni and Xavier Roboam and Christophe Turpin",

}



@INPROCEEDINGS{Kumar2014WCCI, 

author={Venayagamoorthy, G.K. and Chakravarty, P.}, 

booktitle={Fuzzy Systems (FUZZ-IEEE), 2014 IEEE International Conference on}, 

title={Optimal fuzzy logic based coordination controller for improved transient stability of a smart grid}, 

year={2014}, 

month={July}, 

pages={346-353}, 

doi={10.1109/FUZZ-IEEE.2014.6891824},
}

@INPROCEEDINGS{Colson2009,
author={Colson, C.M. and Nehrir, M.H.},
booktitle={Power Energy Society General Meeting, 2009. PES '09. IEEE},
title={A review of challenges to real-time power management of microgrids},
year={2009},
month={July},
pages={1-8},
doi={10.1109/PES.2009.5275343}}




@ARTICLE{Hong2014, 

author={Tao Hong and Wilson, J. and Jingrui Xie}, 

journal={Smart Grid, IEEE Transactions on}, 

title={Long Term Probabilistic Load Forecasting and Normalization With Hourly Information}, 

year={2014}, 

month={Jan}, 

volume={5}, 

number={1}, 

pages={456-462}, 

doi={10.1109/TSG.2013.2274373}, 

ISSN={1949-3053},}

@article{Zhang2014,

title = "Review on probabilistic forecasting of wind power generation ",

journal = "Renewable and Sustainable Energy Reviews ",

volume = "32",

number = "0",

pages = "255 - 270",

year = "2014",

note = "",

issn = "1364-0321",

doi = "http://dx.doi.org/10.1016/j.rser.2014.01.033",

author = "Yao Zhang and Jianxue Wang and Xifan Wang",

}




@article{Kou2015,

title = "Probabilistic electricity price forecasting with variational heteroscedastic Gaussian process and active learning ",

journal = "Energy Conversion and Management ",

volume = "89",

number = "0",

pages = "298 - 308",

year = "2015",

note = "",

issn = "0196-8904",

doi = "http://dx.doi.org/10.1016/j.enconman.2014.10.003",

author = "Peng Kou and Deliang Liang and Lin Gao and Jianyong Lou",

}


@incollection{DelleMonache2014,

title = "Chapter 12 - Probabilistic Wind and Solar PowerPredictions ",

editor = "Jones, Lawrence E. ",

booktitle = "Renewable Energy Integration ",

publisher = "Academic Press",

edition = "",

address = "Boston",

year = "2014",

pages = "149 - 158",

isbn = "978-0-12-407910-6",

doi = "http://dx.doi.org/10.1016/B978-0-12-407910-6.00012-0",

author = "Luca Delle Monache and Stefano Alessandrini",

}



@article{Zamo2014,

title = "A benchmark of statistical regression methods for short-term forecasting of photovoltaic electricity production. Part {II}: Probabilistic forecast of daily production ",

journal = "Solar Energy ",

volume = "105",

number = "0",

pages = "804 - 816",

year = "2014",

note = "",

issn = "0038-092X",

doi = "http://dx.doi.org/10.1016/j.solener.2014.03.026",

author = "M. Zamo and O. Mestre and P. Arbogast and O. Pannekoucke",

}



@INPROCEEDINGS{Coelho2014,
author={Coelho, V.N. and Guimaraes, F.G. and Reis, A.J.R. and Coelho, I.M. and Coelho, B.N. and Souza, M.J.F.},
booktitle={Fuzzy Systems (FUZZ-IEEE), 2014 IEEE International Conference on},
title={A heuristic fuzzy algorithm bio-inspired by Evolution Strategies for energy forecasting problems},
year={2014},
month={July},
pages={338-345},
doi={10.1109/FUZZ-IEEE.2014.6891794}}

@article{Mohammadi2014,

title = "Scenario-based stochastic operation management of MicroGrid including Wind, Photovoltaic, Micro-Turbine, Fuel Cell and Energy Storage Devices ",

journal = "International Journal of Electrical Power \& Energy Systems ",

volume = "54",

number = "0",

pages = "525 - 535",

year = "2014",

note = "",

issn = "0142-0615",

doi = "http://dx.doi.org/10.1016/j.ijepes.2013.08.004",

author = "Sirus Mohammadi and Soodabeh Soleymani and Babak Mozafari",

}


@article{land1960automatic,
  title={An automatic method of solving discrete programming problems},
  author={Land, Ailsa H and Doig, Alison G},
  journal={Econometrica: Journal of the Econometric Society},
  pages={497--520},
  year={1960},
  publisher={JSTOR}
}


@ARTICLE{OlivaresMGIEEE2014,
author={Olivares, D.E. and Mehrizi-Sani, A. and Etemadi, A.H. and Canizares, C.A. and Iravani, R. and Kazerani, M. and Hajimiragha, A.H. and Gomis-Bellmunt, O. and Saeedifard, M. and Palma-Behnke, R. and Jimenez-Estevez, G.A. and Hatziargyriou, N.D.},
journal={Smart Grid, IEEE Transactions on},
title={Trends in Microgrid Control},
year={2014},
month={July},
volume={5},
number={4},
pages={1905-1919},
doi={10.1109/TSG.2013.2295514},
ISSN={1949-3053}
}

@INPROCEEDINGS{Lasseter2001MG,
author={Lasseter, B.},
booktitle={Power Engineering Society Winter Meeting, 2001. IEEE},
title={Microgrids [distributed power generation]},
year={2001},
month={Jan},
volume={1},
pages={146-149 vol.1},
doi={10.1109/PESW.2001.917020}
}


@article{ribeiro2001energy,
  title={Energy storage systems for advanced power applications},
  author={Ribeiro, Paulo F and Johnson, Brian K and Crow, Mariesa L and Arsoy, Aysen and Liu, Yilu},
  journal={Proceedings of the IEEE},
  volume={89},
  number={12},
  pages={1744--1756},
  year={2001}
}

@inproceedings{colson2009ant,
  title={Ant colony optimization for microgrid multi-objective power management},
  author={Colson, CM and Nehrir, MH and Wang, C},
  booktitle={Power Systems Conference and Exposition, 2009. PSCE'09. IEEE/PES},
  pages={1--7},
  year={2009},
}


@INPROCEEDINGS{Alvarez2009OnlineMinRunningCostCFC,
author={Alvarez, E. and Lopez, A.C. and G\'omez-Aleixandre, J. and de Abajo, N.},
booktitle={Sustainable Alternative Energy (SAE), 2009 IEEE PES/IAS Conference on},
title={On-line minimization of running costs, greenhouse gas emissions and the impact of distributed generation using microgrids on the electrical system},
year={2009},
month={Sept},
pages={1-10},
doi={10.1109/SAE.2009.5534847}}


@INPROCEEDINGS{Kanchev2010SmartMonMG,
author={Kanchev, H. and Lu, D. and Francois, B. and Lazarov, V.},
booktitle={Innovative Smart Grid Technologies Conference Europe (ISGT Europe), 2010 IEEE PES},
title={Smart monitoring of a microgrid including gas turbines and a dispatched PV-based active generator for energy management and emissions reduction},
year={2010},
month={Oct},
pages={1-8},
doi={10.1109/ISGTEUROPE.2010.5638875}}


@article{Tan2013,

title = "Advances and trends of energy storage technology in Microgrid ",

journal = "International Journal of Electrical Power \& Energy Systems ",

volume = "44",

number = "1",

pages = "179 - 191",

year = "2013",

note = "",

issn = "0142-0615",

doi = "http://dx.doi.org/10.1016/j.ijepes.2012.07.015",

author = "Xingguo Tan and Qingmin Li and Hui Wang",

}



@article{Comodi2015,

title = "Multi-apartment residential microgrid with electrical and thermal storage devices: Experimental analysis and simulation of energy management strategies ",

journal = "Applied Energy ",

volume = "137",

number = "0",

pages = "854 - 866",

year = "2015",

note = "",

issn = "0306-2619",

doi = "http://dx.doi.org/10.1016/j.apenergy.2014.07.068",

author = "Gabriele Comodi and Andrea Giantomassi and Marco Severini and Stefano Squartini and Francesco Ferracuti and Alessandro Fonti and Davide Nardi Cesarini and Matteo Morodo and Fabio Polonara"

}



@article{Manchester2015RegenerativeAirEneStorage,

title = "Regenerative air energy storage for remote wind-diesel micro-grid communities ",

journal = "Applied Energy ",

volume = "137",

number = "0",

pages = "490 - 500",

year = "2015",

note = "",

issn = "0306-2619",

doi = "http://dx.doi.org/10.1016/j.apenergy.2014.06.070",

author = "Sebastian C. Manchester and Lukas G. Swan and Dominic Groulx",

}



@article{Fossati2015,

title = "A method for optimal sizing energy storage systems for microgrids ",

journal = "Renewable Energy ",

volume = "77",

number = "0",

pages = "539 - 549",

year = "2015",

note = "",

issn = "0960-1481",

doi = "http://dx.doi.org/10.1016/j.renene.2014.12.039",

author = "Juan P. Fossati and Ainhoa Galarza and Ander Mart\'in-Villate and Luis Font\'an",

}



@article{Zakeri2015,

title = "Electrical energy storage systems: A comparative life cycle cost analysis ",

journal = "Renewable and Sustainable Energy Reviews ",

volume = "42",

number = "0",

pages = "569 - 596",

year = "2015",

note = "",

issn = "1364-0321",

doi = "http://dx.doi.org/10.1016/j.rser.2014.10.011",

author = "Behnam Zakeri and Sanna Syri",

}



@article{Fathima2015,

title = "Optimization in microgrids with hybrid energy systems - A review ",

journal = "Renewable and Sustainable Energy Reviews ",

volume = "45",

number = "0",

pages = "431 - 446",

year = "2015",

note = "",

issn = "1364-0321",

doi = "http://dx.doi.org/10.1016/j.rser.2015.01.059",

author = "A. Hina Fathima and K. Palanisamy",

}



@inproceedings{tinador2008superconducting,
  title={Superconducting magnetic energy storage; status and Perspective},
  author={Tinador, P},
  booktitle={IEEE/CSC\&ESAS European Superconductivity news forum},
  number={3},
  year={2008}
}


@article{Battistelli201250,

title = "Optimal energy management of small electric energy systems including \{V2G\} facilities and renewable energy sources ",

journal = "Electric Power Systems Research ",

volume = "92",

number = "0",

pages = "50 - 59",

year = "2012",

note = "",

issn = "0378-7796",

doi = "http://dx.doi.org/10.1016/j.epsr.2012.06.002",


author = "C. Battistelli and L. Baringo and A.J. Conejo",

}



@article{Romo2015,

title = "Power quality of actual grids with plug-in electric vehicles in presence of renewables and micro-grids ",

journal = "Renewable and Sustainable Energy Reviews ",

volume = "46",

number = "0",

pages = "189 - 200",

year = "2015",

note = "",

issn = "1364-0321",

doi = "http://dx.doi.org/10.1016/j.rser.2015.02.014",


author = "R. Romo and O. Micheloud",

}



@ARTICLE{Papadopoulos2012,
author={Papadopoulos, P. and Skarvelis-Kazakos, S. and Grau, I. and Cipcigan, L.M. and Jenkins, N.},
journal={Electrical Systems in Transportation, IET},
title={Electric vehicles' impact on british distribution networks},
year={2012},
month={September},
volume={2},
number={3},
pages={91-102},
doi={10.1049/iet-est.2011.0023},
}


@article{Koltsaklis2015,

title = "An integrated stochastic multi-regional long-term energy planning model incorporating autonomous power systems and demand response ",

journal = "Energy ",

volume = "82",

number = "0",

pages = "865 - 888",

year = "2015",

note = "",

issn = "0360-5442",

doi = "http://dx.doi.org/10.1016/j.energy.2015.01.097",

author = "Nikolaos E. Koltsaklis and Pei Liu and Michael C. Georgiadis",

}



@article{Parkinson2015,

title = "Long-term energy planning with uncertain environmental performance metrics ",

journal = "Applied Energy ",

volume = "147",

number = "0",

pages = "402 - 412",

year = "2015",

note = "",

issn = "0306-2619",

doi = "http://dx.doi.org/10.1016/j.apenergy.2015.02.006",

author = "Simon C. Parkinson and Ned Djilali",

}



@article{Hanna2014EnergyDispatchingSolarFor,

title = "Energy dispatch schedule optimization for demand charge reduction using a photovoltaic-battery storage system with solar forecasting ",

journal = "Solar Energy ",

volume = "103",

number = "0",

pages = "269 - 287",

year = "2014",

note = "",

issn = "0038-092X",

doi = "http://dx.doi.org/10.1016/j.solener.2014.02.020",

author = "R. Hanna and J. Kleissl and A. Nottrott and M. Ferry",

}


@article{Delfanti2015,

title = "Energy storage for \{PV\} power plant dispatching ",

journal = "Renewable Energy ",

volume = "80",

number = "0",

pages = "61 - 72",

year = "2015",

note = "",

issn = "0960-1481",

doi = "http://dx.doi.org/10.1016/j.renene.2015.01.047",

author = "Maurizio Delfanti and Davide Falabretti and Marco Merlo",

}



@article{Torreglosa2015LongTermEnergyDisp,

title = "Energy dispatching based on predictive controller of an off-grid wind turbine/photovoltaic/hydrogen/battery hybrid system ",

journal = "Renewable Energy ",

volume = "74",

number = "0",

pages = "326 - 336",

year = "2015",

note = "",

issn = "0960-1481",

doi = "http://dx.doi.org/10.1016/j.renene.2014.08.010",

author = "Juan P. Torreglosa and Pablo García and Luis M. Fernández and Francisco Jurado",

}



@article{Alavi2015,

title = "Optimal probabilistic energy management in a typical micro-grid based-on robust optimization and point estimate method ",

journal = "Energy Conversion and Management ",

volume = "95",

number = "0",

pages = "314 - 325",

year = "2015",

note = "",

issn = "0196-8904",

doi = "http://dx.doi.org/10.1016/j.enconman.2015.02.042",

author = "Seyed Arash Alavi and Ali Ahmadian and Masoud Aliakbar-Golkar",

}




@article{Chow2015117,

title = "Conditional Sharpe Ratios ",

journal = "Finance Research Letters ",

volume = "12",

number = "0",

pages = "117 - 133",

year = "2015",

note = "",

issn = "1544-6123",

doi = "http://dx.doi.org/10.1016/j.frl.2014.11.001",

author = "Victor Chow and Christine W. Lai",

}


@article{Sharpe1994,
title = "The Sharpe Ratio",

journal = "The Journal of Portfolio Management",

volume = "21",

number = "1",

pages = "49 - 58",

year = "1994",

doi = "http://10.3905/jpm.1994.409501",

author = "William F. Sharpe"
}


@article{Ledoit2008,

author = "O. Ledoit and Wolf M.",
title = "Robust performance hypothesis testing with the Sharpe ratio ",

journal = "Journal of Empirical Finance ",

volume = "15",

number = "5",

pages = "850 - 859",

year = "2008",

note = "",

issn = "0927-5398",

doi = "http://dx.doi.org/10.1016/j.jempfin.2008.03.002",

}

@article{deFreitas2015,

title = "Aggregation Trees for visualization and dimension reduction in many-objective optimization ",

journal = "Information Sciences ",

volume = "298",

number = "0",

pages = "288 - 314",

year = "2015",

note = "",

issn = "0020-0255",

doi = "http://dx.doi.org/10.1016/j.ins.2014.11.044",

author = "Alan R.R. de Freitas and Peter J. Fleming and Frederico G. Guimarães",

}




@incollection{Fusheng2016,
title = "Chapter 6 -- Monitoring and energy management of the microgrid ",
editor = "Fengquan, Li FushengLi RuishengZhou ",
booktitle = "Microgrid Technology and Engineering Application ",
publisher = "Academic Press",
address = "Oxford",
year = "2016",
pages = "91 - 113",
isbn = "978-0-12-803598-6",
doi = "http://dx.doi.org/10.1016/B978-0-12-803598-6.00006-1",
author = "Li Fusheng and Li Ruisheng and Zhou Fengquan",
}


@article{Song2015,
title = "The optimization of a hybrid energy storage system at subzero temperatures: Energy management strategy design and battery heating requirement analysis ",

journal = "Applied Energy ",
volume = "159",
pages = "576 - 588",
year = "2015",
issn = "0306-2619",
doi = "http://dx.doi.org/10.1016/j.apenergy.2015.08.120",
author = "Ziyou Song and Heath Hofmann and Jianqiu Li and Jun Hou and Xiaowu Zhang and Minggao Ouyang",
}


@article{Trovao2015,
title = "A comparative analysis of meta-heuristic methods for power management of a dual energy storage system for electric vehicles ",
journal = "Energy Conversion and Management ",
volume = "95",
pages = "281 - 296",
year = "2015",
issn = "0196-8904",
doi = "http://dx.doi.org/10.1016/j.enconman.2015.02.030",
author = "J. P. Trov\~ao  and C. H. Antunes",
}


@article{Hemi2014,
title = "A real time fuzzy logic power management strategy for a fuel cell vehicle ",
journal = "Energy Conversion and Management ",
volume = "80",
pages = "63 - 70",
year = "2014",
issn = "0196-8904",
doi = "http://dx.doi.org/10.1016/j.enconman.2013.12.040",
author = "Hanane Hemi and Jamel Ghouili and Ahmed Cheriti",
}


@article{Kou2015,
title = "Stochastic predictive control of battery energy storage for wind farm dispatching: Using probabilistic wind power forecasts ",
journal = "Renewable Energy ",
volume = "80",
pages = "286 - 300",
year = "2015",
issn = "0960-1481",
doi = "http://dx.doi.org/10.1016/j.renene.2015.02.001",
author = "Peng Kou and Feng Gao and Xiaohong Guan",
}


@article{Delfanti2015,
title = "Energy storage for {PV} power plant dispatching ",
journal = "Renewable Energy ",
volume = "80",
pages = "61 - 72",
year = "2015",
issn = "0960-1481",
doi = "http://dx.doi.org/10.1016/j.renene.2015.01.047",
author = "Maurizio Delfanti and Davide Falabretti and Marco Merlo",
}


@article{Torreglosa2015,
title = "Energy dispatching based on predictive controller of an off-grid wind turbine/photovoltaic/hydrogen/battery hybrid system ",
journal = "Renewable Energy ",
volume = "74",
pages = "326 - 336",
year = "2015",
issn = "0960-1481",
doi = "http://dx.doi.org/10.1016/j.renene.2014.08.010",
author = "Juan P. Torreglosa and Pablo Garc\'ia and Luis M. Fern\'andez and Francisco Jurado",
}


@article{Tascikaraoglu2014,
title = "An adaptive load dispatching and forecasting strategy for a virtual power plant including renewable energy conversion units ",
journal = "Applied Energy ",
volume = "119",
pages = "445 - 453",
year = "2014",
issn = "0306-2619",
doi = "http://dx.doi.org/10.1016/j.apenergy.2014.01.020",
author = "A. Tascikaraoglu and O. Erdinc and M. Uzunoglu and A. Karakas",
}


@article{Wang2015,
title = "A coordinated dispatching strategy for wind power rapid ramp events in power systems with high wind power penetration ",
journal = "International Journal of Electrical Power \& Energy Systems ",
volume = "64",
pages = "986 - 995",
year = "2015",
issn = "0142-0615",
doi = "http://dx.doi.org/10.1016/j.ijepes.2014.08.019",
author = "Songyan Wang and Daren Yu and Jilai Yu",
}


@article{Wang2015,
title = "Optimal capacity design for hybrid energy storage system supporting dispatch of large-scale photovoltaic power plant ",
journal = "Journal of Energy Storage ",
volume = "3",
pages = "25 - 35",
year = "2015",
issn = "2352-152X",
doi = "http://dx.doi.org/10.1016/j.est.2015.08.006",
author = "Guishi Wang and Mihai Ciobotaru and Vassilios G. Agelidis",
}


@article{Coelho2016RenewableEnergy,
title = "Multi-objective energy storage power dispatching using plug-in vehicles in a smart-microgrid ",
journal = "Renewable Energy ",
volume = "89",
pages = "730 - 742",
year = "2016",
issn = "0960-1481",
doi = "http://dx.doi.org/10.1016/j.renene.2015.11.084",
author = "Vitor N. Coelho and Igor M. Coelho and Bruno N. Coelho and Miri Weiss Cohen and Agnaldo J.R. Reis and Sidelmo M. Silva and Marcone J.F. Souza and Peter J. Fleming and F. G. Guimaraes",
}


@ARTICLE{Khaligh2010CombinationOfShortTermLongTermESSs,
author={A. Khaligh and Z. Li},
journal={IEEE Transactions on Vehicular Technology},
title={Battery, Ultracapacitor, Fuel Cell, and Hybrid Energy Storage Systems for Electric, Hybrid Electric, Fuel Cell, and Plug-In Hybrid Electric Vehicles: State of the Art},
year={2010},
volume={59},
number={6},
pages={2806-2814},
doi={10.1109/TVT.2010.2047877},
ISSN={0018-9545},
month={July},
}

@Article{Li2014,
author={Li, Yiyang and El Gabaly, Farid and Ferguson, Todd R. and Smith, Raymond B. and Bartelt, Norman C.
and Sugar, Joshua D. and Fenton, Kyle R. and Cogswell, Daniel A. and Kilcoyne, A. L. David and Tyliszczak, Tolek
and Bazant, Martin Z. and Chueh, William C.},
title={Current-induced transition from particle-by-particle to concurrent intercalation in phase-separating battery electrodes},
journal={Nat Mater},
year={2014},
month={Dec},
publisher={Nature Publishing Group},
volume={13},
number={12},
pages={1149-1156},
issn={1476-1122},
doi={http://dx.doi.org/10.1038/nmat4084}
}

@article{Aghaei2016,
title = "Contribution of Plug-in Hybrid Electric Vehicles in power system uncertainty management ",
journal = "Renewable and Sustainable Energy Reviews ",
volume = "59",
pages = "450 - 458",
year = "2016",
issn = "1364-0321",
doi = "http://dx.doi.org/10.1016/j.rser.2015.12.207",
author = "Jamshid Aghaei and Ali Esmaeel Nezhad and Abdorreza Rabiee and Ehsan Rahimi",
}







@article{Jeffrey90CuttingBigM,
author = {Jeffrey D. Camm and Amitabh S. Raturi and Shigeru Tsubakitani},
title = {Cutting Big M Down to Size},
journal = {Interfaces},
volume = {20},
number = {5},
pages = {61-66},
year = {1990},
doi = {10.1287/inte.20.5.61},
}




@article{Huang2015,

title = "Methods and tools for community energy planning: A review ",

journal = "Renewable and Sustainable Energy Reviews ",

volume = "42",

number = "0",

pages = "1335 - 1348",

year = "2015",

note = "",

issn = "1364-0321",

doi = "http://dx.doi.org/10.1016/j.rser.2014.11.042",

author = "Zishuo Huang and Hang Yu and Zhenwei Peng and Mei Zhao",

keywords = "Community energy planning",

keywords = "Tools",

keywords = "Model",

keywords = "Urban planning system",

keywords = "Energy-related indicators ",

}

@article{gupta2013review,
  title={Review of unmanned aircraft system ({UAS})},
  author={Gupta, Suraj G and Ghonge, Mangesh M and Jawandhiya, PM},
  journal={International Journal of Advanced Research in Computer Engineering \& Technology},
  volume={2},
  number={4},
  year={2013}
}



@online{eVoloMagazine2016,

 author = {Hadeel Ayed Mohammad, Yifeng Zhao, Chengda Zhu},

 title = {The future of skyscrapers: A huge drone hive},
  
 url = {http://www.evolo.us/competition/the-hive-drone-skyscraper/},

 note = {eVolo Magazine 2016 Skyscraper Competition. Acessado em 10 de julho de 2016},

 year = {2016},

 
}


@incollection{enright2015uav,
  title={UAV routing and coordination in stochastic, dynamic environments},
  author={Enright, John J and Frazzoli, Emilio and Pavone, Marco and Savla, Ketan},
  booktitle={Handbook of Unmanned Aerial Vehicles},
  pages={2079--2109},
  year={2015},
  publisher={Springer}
}


@online{UAVDeliveringVacines,

 author = {{HST} MEMP},

 url = {http://hst.mit.edu/spotlights/optimizing-immunization-systems-delivering-vaccines-unmanned-aerial-vehicles},

 year= {2013},

 urldate = {14-06-2016}

}



@ARTICLE{SundarUAVRefuelingDepoits2014,
author={K. Sundar and S. Rathinam},
journal={IEEE Transactions on Automation Science and Engineering},
title={Algorithms for Routing an Unmanned Aerial Vehicle in the Presence of Refueling Depots},
year={2014},
volume={11},
number={1},
pages={287-294},
keywords={approximation theory;autonomous aerial vehicles;UAV routing problem;approximation algorithm;fuel constraint;refueling depot;unmanned aerial vehicle routing;Approximation algorithms;Approximation methods;Fuels;Heuristic algorithms;Routing;Unmanned aerial vehicles;Fuel constraints;heuristics;traveling salesman problem;unmanned aerial vehicle},
doi={10.1109/TASE.2013.2279544},
ISSN={1545-5955},
month={Jan}
}


@article{Coelho2016EnergyProcediaSmartPoolSearch,
title = "A smart pool search matheuristic for solving a multi-objective microgrid storage planning problem",
journal = "Energy Procedia",
volume = "0",
pages = "1 - 6",
year = "2016",
issn = "1876-6102",
note = "to appear",
author = "Vitor N. Coelho and Igor M. Coelho and Bruno N. Coelho and Marcone J.F. Souza and H. Gambini and N. Mladenovic and F. G. Guimaraes",
}


@article{Coelho2016EnergyProcediaGPU,
title = "A hybrid deep learning forecasting model using GPU disaggregated function evaluations applied for Household Electricity Demand Forecasting",
journal = "Energy Procedia",
volume = "0",
pages = "1 - 6",
year = "2016",
issn = "1876-6102",
note = "to appear",
author = "Vitor N. Coelho and Igor M. Coelho and Eyder Rios and Alexandre S. T. Filho and Agnaldo J. R. Reis and Bruno N. Coelho and Alysson Alves and Guilherme G. Netto and Marcone J.F. Souza and F. G. Guimaraes",
}


@techreport{meintz2016integrating,
  title={Integrating PEVs with Renewables and the Grid},
  author={Meintz, Andrew and Markel, Tony and Jun, Myungsoo and Zhang, Jiucai},
  year={2016},
  institution={NREL (National Renewable Energy Laboratory (NREL), Golden, CO (United States))}
}


@inproceedings{karnouskos2009simulation,
  title={Simulation of a smart grid city with software agents},
  author={Karnouskos, Stamatis and De Holanda, Thiago Nass},
  booktitle={Computer Modeling and Simulation, 2009. EMS'09. Third UKSim European Symposium on},
  pages={424--429},
  year={2009},
  organization={IEEE}
}


@ARTICLE{Zanella2014IoTForSC,
author={A. Zanella and N. Bui and A. Castellani and L. Vangelista and M. Zorzi},
journal={IEEE Internet of Things Journal},
title={Internet of Things for Smart Cities},
year={2014},
volume={1},
number={1},
pages={22-32},
doi={10.1109/JIOT.2014.2306328},
ISSN={2327-4662},
month={Feb}
}

@book{townsend2013smart,
  title={Smart cities: Big data, civic hackers, and the quest for a new utopia},
  author={Townsend, Anthony M},
  year={2013},
  publisher={WW Norton \& Company}
}


@inproceedings{karnouskos2012energy,
  title={Energy services for the smart grid city},
  author={Karnouskos, Stamatis and Da Silva, Per Goncalves and Ilic, Dejan},
  booktitle={2012 6th IEEE International Conference on Digital Ecosystems and Technologies (DEST)},
  pages={1--6},
  year={2012},
  organization={IEEE}
}


@article{Zhang2016BEVs,
title = "The impact of car specifications, prices and incentives for battery electric vehicles in Norway: Choices of heterogeneous consumers ",
journal = "Transportation Research Part C: Emerging Technologies ",
volume = "69",
pages = "386 - 401",
year = "2016",
issn = "0968-090X",
doi = "http://dx.doi.org/10.1016/j.trc.2016.06.014",
author = "Yingjie Zhang and Zhen (Sean) Qian and Frances Sprei and Beibei Li",
}



@article{Coelho2016APEN,
title = "A self-adaptive evolutionary fuzzy model for load forecasting problems on smart grid environment ",
journal = "Applied Energy ",
volume = "169",
pages = "567 - 584",
year = "2016",
issn = "0306-2619",
doi = "http://dx.doi.org/10.1016/j.apenergy.2016.02.045",
author = "Vitor N. Coelho and Igor M. Coelho and Bruno N. Coelho and Agnaldo J.R. Reis and Rasul Enayatifar and Marcone J.F. Souza and Frederico G. Guimaraes",
}



@article{Coelho2016EJOR,
title = "An {ILS}-based algorithm to solve a large-scale real heterogeneous fleet {VRP} with multi-trips and docking constraints ",
journal = "European Journal of Operational Research ",
volume = "250",
number = "2",
pages = "367 - 376",
year = "2016",
issn = "0377-2217",
doi = "http://dx.doi.org/10.1016/j.ejor.2015.09.047",
author = "V. N. Coelho and A. Grasas and H. Ramalhinho and I. M. Coelho and M. J. F. Souza and R. C. Cruz",
}

@book{garcia2006theory,
  title={Theory and practical exercises of system dynamics},
  author={Garc{\'\i}a, Juan Mart{\'\i}n},
  year={2006},
  publisher={MIT Sloan School of Management}
}



@article{Velik2014,

title = "A cognitive decision agent architecture for optimal energy management of microgrids ",

journal = "Energy Conversion and Management ",

volume = "86",

pages = "831 - 847",

year = "2014",

note = "",

issn = "0196-8904",

doi = "http://dx.doi.org/10.1016/j.enconman.2014.06.047",

author = "Rosemarie Velik and Pascal Nicolay",


}

@article{McHenry2013,

title = "Technical and governance considerations for advanced metering infrastructure/smart meters: Technology, security, uncertainty, costs, benefits, and risks ",

journal = "Energy Policy ",

volume = "59",

pages = "834 - 842",

year = "2013",

issn = "0301-4215",

doi = "http://dx.doi.org/10.1016/j.enpol.2013.04.048",

author = "Mark P. McHenry",

}


@ARTICLE{Dimeas2005,
author={Dimeas, A.L. and Hatziargyriou, N.D.},
journal={Power Systems, IEEE Transactions on},
title={Operation of a Multiagent System for Microgrid Control},
year={2005},
month={Aug},
volume={20},
number={3},
pages={1447-1455},
doi={10.1109/TPWRS.2005.852060},
ISSN={0885-8950},}



@article{Jiayi2008,

title = "A review on distributed energy resources and MicroGrid ",

journal = "Renewable and Sustainable Energy Reviews ",

volume = "12",

number = "9",

pages = "2472 - 2483",

year = "2008",

note = "",

issn = "1364-0321",

doi = "http://dx.doi.org/10.1016/j.rser.2007.06.004",

author = "Huang Jiayi and Jiang Chuanwen and Xu Rong",

}

@article{bertolini2003urban,
  title={Urban development without more mobility by car? Lessons from Amsterdam, a multimodal urban region},
  author={Bertolini, Luca and Le Clercq, Frank},
  journal={Environment and Planning A},
  volume={35},
  number={4},
  pages={575--589},
  year={2003},
  publisher={SAGE Publications}
}

@article{renne2009challenge,
  title={Challenge of evacuating the carless in five major US cities: identifying the key issues},
  author={Renne, John and Sanchez, Thomas and Jenkins, Pam and Peterson, Robert},
  journal={Transportation Research Record: Journal of the Transportation Research Board},
  number={2119},
  pages={36--44},
  year={2009},
  publisher={Transportation Research Board of the National Academies}
}



@inproceedings{logan2007small,
  title={Small UAV research and evolution in long endurance electric powered vehicles},
  author={Logan, Michael J and Chu, Julio and Motter, Mark A and Carter, Dennis L and Ol, Michael and Zeune, Cale},
  booktitle={AIAA Infotech@ Aerospace 2007 Conference and Exhibit, AIAA Paper},
  volume={2730},
  pages={7--10},
  year={2007}
}


@article{Cohen201687,
title = "Sharing cities and sustainable consumption and production: towards an integrated framework ",
journal = "Journal of Cleaner Production ",
volume = "134, Part A",
number = "",
pages = "87 - 97",
year = "2016",
note = "Special Volume: Transitions to Sustainable Consumption and Production in Cities ",
issn = "0959-6526",
doi = "http://dx.doi.org/10.1016/j.jclepro.2015.07.133",
author = "Boyd Cohen and Pablo Mu\~noz",
}

@article{Gnann2015171,
title = "What is the market potential of plug-in electric vehicles as commercial passenger cars? A case study from Germany ",
journal = "Transportation Research Part D: Transport and Environment ",
volume = "37",
number = "",
pages = "171 - 187",
year = "2015",
note = "",
issn = "1361-9209",
doi = "http://dx.doi.org/10.1016/j.trd.2015.04.015",
author = "Till Gnann and Patrick Plotz and Simon Funke and Martin Wietschel",
keywords = "Electric vehicle",
keywords = "PEV market potential",
keywords = "Commercial passenger cars "
}



@Article{Mcshane1982,
author="Mcshane, Mary
and Meyer, Michael D.",
title="Parking policy and urban goals: Linking strategy to needs",
journal="Transportation",
year="1982",
volume="11",
number="2",
pages="131--152",
issn="1572-9435",
doi="10.1007/BF00167928",
}



@article{Groote201625,
title = "Car ownership and residential parking subsidies: Evidence from Amsterdam ",
journal = "Economics of Transportation ",
volume = "6",
number = "",
pages = "25 - 37",
year = "2016",
note = "",
issn = "2212-0122",
doi = "http://dx.doi.org/10.1016/j.ecotra.2016.07.001",
author = "Jesper De Groote and Jos Van Ommeren and Hans R.A. Koster",
}


@article{Qu2017686,
title = "An improved approach to evaluate car sharing options ",
journal = "Ecological Indicators ",
volume = "72",
pages = "686 - 702",
year = "2017",
issn = "1470-160X",
doi = "http://dx.doi.org/10.1016/j.ecolind.2016.07.018",
author = "Min Qu and Suihuai Yu and Mingjiu Yu",
}

@Article{Mankiw2009, author="Mankiw, N Gregory", title="Smart Taxes: An Open Invitation to Join the Pigou Club", 
journal="Eastern Economic Journal",
year="2009", 
volume="35",
number="1", 
pages="14--23", 
doi="10.1057/eej.2008.43", url="http://dx.doi.org/10.1057/eej.2008.43" 
}

@article{hong2016probabilistic,
  title={Probabilistic energy forecasting: Global energy forecasting competition 2014 and beyond},
  author={Hong, Tao and Pinson, Pierre and Fan, Shu and Zareipour, Hamidreza and Troccoli, Alberto and Hyndman, Rob J},
  journal={International Journal of Forecasting},
  volume={32},
  number={3},
  pages={896--913},
  year={2016},
  publisher={Elsevier}
}

@ARTICLE{Shetty199716,
author={Shetty, V.},
title={A tale of smart cities},
journal={Communications International (London)},
year={1997},
volume={24},
number={8},
pages={16}
}

@ARTICLE{Battarra20161,
author={Battarra, R. and Gargiulo, C. and Pappalardo, G. and Boiano, D.A. and Oliva, J.S.},
title={Planning in the era of Information and Communication Technologies. Discussing the ``label: Smart" in South-European cities with environmental and socio-economic challenges},
journal={Cities},
year={2016},
volume={59},
pages={1-7},
doi={10.1016/j.cities.2016.05.007},
}

@ARTICLE{Shuai2016,
author={W. Shuai and P. Maillé and A. Pelov},
journal={IEEE Transactions on Intelligent Transportation Systems},
title={Charging Electric Vehicles in the Smart City: A Survey of Economy-Driven Approaches},
year={2016},
volume={17},
number={8},
pages={2089-2106},
doi={10.1109/TITS.2016.2519499},
ISSN={1524-9050},
month={Aug},}

@article{zhuhadar2017next,
  title={The next wave of innovation-Review of smart cities intelligent operation systems},
  author={Zhuhadar, Leyla and Thrasher, Evelyn and Marklin, Scarlett and de Pablos, Patricia Ord{\'o}{\~n}ez},
  journal={Computers in Human Behavior},
  volume={66},
  pages={273--281},
  year={2017},
  publisher={Elsevier}
}


article{nguyen2016fabrication,
  title={Fabrication of new superconducting materials, ${Ca}_x {K}_{1- x} {C}_y$ (0 < x< 1)},
  author={Nguyen, Huyen TL and Nishiyama, Saki and Izumi, Masanari and Zheng, Lu and Miao, Xiao and Sakai, Yusuke and Goto, Hidenori and Hirao, Naohisa and Ohishi, Yasuo and Kagayama, Tomoko and others},
  journal={Carbon},
  volume={100},
  pages={641--646},
  year={2016},
  publisher={Elsevier}
}

@book{savitskii2012superconducting,
  title={Superconducting materials},
  author={Savitskii, E},
  year={2012},
  publisher={Springer Science \& Business Media}
}

@inproceedings{kolmogorov2015theory,
  title={Theory-guided discovery of new superconducting materials},
  author={Kolmogorov, Aleksey},
  booktitle={APS Meeting Abstracts},
  volume={1},
  pages={16001},
  year={2015}
}


@article{lee2006review,
  title={Review of maglev train technologies},
  author={Lee, Hyung-Woo and Kim, Ki-Chan and Lee, Ju},
  journal={IEEE transactions on magnetics},
  volume={42},
  number={7},
  pages={1917--1925},
  year={2006},
  publisher={IEEE}
}

@article{younis2014connecting,
  title={Connecting the GCC Countries with the Maglev Train},
  author={Younis, Loai and Al Suhail, Ahmed and Ziai, Sophie and Sun, Lu},
  year={2014}
}

@article{chu2015epilogue,
  title={Epilogue: Superconducting materials past, present and future},
  author={Chu, CW and Canfield, PC and Dynes, RC and Fisk, Z and Batlogg, B and Deutscher, G and Geballe, TH and Zhao, ZX and Greene, RL and Hosono, H and others},
  journal={Physica C: Superconductivity and its Applications},
  volume={514},
  pages={437--443},
  year={2015},
  publisher={Elsevier}
}

@article{barrentine2015nasa,
  title={NASA Goddard Space Flight Center, United States of America, Giuseppe. Cataldo@ NASA. gov},
  author={Barrentine, EM and Noroozian, O and Brown, AD and Ehsan, N and Stevenson, TR and U-Yen, K and Wollack, EJ and Moseley, SH},
  year={2015}
}


@article{bertola2016superconducting,
  title={Superconducting and conventional electromagnetic launch system for civil aircraft assisted take-off},
  author={Bertola, Luca and Cox, Thomas and Wheeler, Patrick and Garvey, Seamus D},
  year={2016}
}

@article{toida2016electron,
  title={Electron paramagnetic resonance spectroscopy using a direct current-SQUID magnetometer directly coupled to an electron spin ensemble},
  author={Toida, Hiraku and Matsuzaki, Yuichiro and Kakuyanagi, Kosuke and Zhu, Xiaobo and Munro, William J and Nemoto, Kae and Yamaguchi, Hiroshi and Saito, Shiro},
  journal={Applied Physics Letters},
  volume={108},
  number={5},
  pages={052601},
  year={2016},
  publisher={AIP Publishing}
}



@article{Doppstadt2016825,
title = "The Hybrid Electric Vehicle – Traveling Salesman Problem ",
journal = "European Journal of Operational Research ",
volume = "253",
number = "3",
pages = "825 - 842",
year = "2016",
issn = "0377-2217",
doi = "http://dx.doi.org/10.1016/j.ejor.2016.03.006",
author = "C. Doppstadt and A. Koberstein and D. Vigo",
}

@ARTICLE{Nitzsche19956,
author={Nitzsche, Ulf},
title={Smart cars for the mobile information society of tomorrow: driver information systems},
journal={Siemens Components},
year={1995},
volume={30},
number={5},
pages={6-7},
note={cited By 0},
url={https://www.scopus.com/inward/record.uri?eid=2-s2.0-0029370489&partnerID=40&md5=02c9b2641666a48ab57742c1d601a9be},
document_type={Article},
source={Scopus},
}


@inproceedings{Chebbi:2016,
 author = {Chebbi, Olfa and Nouri, Nouha},
 title = {Reducing Energy Consumption in Smart Cities: A Scatter Search Based Approach},
 booktitle = {Proceedings of the 2016 on Genetic and Evolutionary Computation Conference Companion},
 series = {GECCO '16 Companion},
 year = {2016},
 isbn = {978-1-4503-4323-7},
 location = {Denver, Colorado, USA},
 pages = {1459--1460},
 numpages = {2},
 url = {http://doi.acm.org/10.1145/2908961.2931637},
 doi = {10.1145/2908961.2931637},
 acmid = {2931637},
 publisher = {ACM},
 address = {New York, NY, USA},
 keywords = {heuristic, routing, scatter search, smart cities},
} 

@article{daSilva2016132,
title = "An efficient hybrid algorithm for the Traveling Car Renter Problem ",
journal = "Expert Systems with Applications ",
volume = "64",
number = "",
pages = "132 - 140",
year = "2016",
note = "",
issn = "0957-4174",
doi = "http://dx.doi.org/10.1016/j.eswa.2016.07.038",
url = "http://www.sciencedirect.com/science/article/pii/S0957417416303852",
author = "André Renato Villela da Silva and Luiz Satoru Ochi",
keywords = "Metaheuristics",
keywords = "Hybrid methods",
keywords = "Evolutionary algorithm",
keywords = "Traveling Car Renter Problem "
}



@article{Sun2017128,
title = "A completive survey study on the feasibility and adaptation of \{EVs\} in Beijing, China ",
journal = "Applied Energy ",
volume = "187",
number = "",
pages = "128 - 139",
year = "2017",
note = "",
issn = "0306-2619",
doi = "http://dx.doi.org/10.1016/j.apenergy.2016.11.027",
url = "http://www.sciencedirect.com/science/article/pii/S0306261916316129",
author = "Lishan Sun and Yuchen Huang and Shuli Liu and Yanyan Chen and Liya Yao and Anil Kashyap",
keywords = "Electric vehicles",
keywords = "Feasibility study",
keywords = "Questionnaire survey",
keywords = "Beijing "
}


@article{Agha2017,
title = "Noisy vehicle surveillance camera: A system to deter noisy vehicle in smart city ",
journal = "Applied Acoustics ",
volume = "117, Part B",
number = "",
pages = "236 - 245",
year = "2017",
note = "Acoustics in Smart Cities ",
issn = "0003-682X",
doi = "http://dx.doi.org/10.1016/j.apacoust.2016.05.025",
url = "http://www.sciencedirect.com/science/article/pii/S0003682X16301475",
author = "Apoorv Agha and Rishabh Ranjan and Woon-Seng Gan",
keywords = "Vehicle noise pollution",
keywords = "Sound pressure level monitoring",
keywords = "Noisy vehicle "
}


@article{nakamoto2012bitcoin,
  title={Bitcoin: A peer-to-peer electronic cash system, 2008},
  author={Nakamoto, Satoshi},
  journal={URL: http://www. bitcoin. org/bitcoin. pdf},
  year={2012}
}

@article{giordano2011smart,
  title={Smart Grid projects in Europe: lessons learned and current developments},
  author={Giordano, Vincenzo and Gangale, Flavia and Fulli, Gianluca and Jim{\'e}nez, M S{\'a}nchez and Onyeji, I and Colta, A and Papaioannou, I and Mengolini, A and Alecu, C and Ojala, T and others},
  journal={JRC Reference Reports, Publications Office of the European Union},
  year={2011},
  publisher={Citeseer}
}

@url{wDai98,
  title={b-money},
  author={Dai, Wei},
  url={http://www.weidai.com/bmoney.txt},
  year={1998},
}

@url{Silva2016,
  title={Smartcities on the Ethereum blockchain},
  author={Los Silva},
  url={https://www.ethnews.com/the-future-is-now-smart-cities-on-the-ethereum-blockchain},
  year={2016},
}



@article{Coelho2017Communitarian,
title = "A communitarian microgrid storage planning system inside the scope of a smart city ",
journal = "Applied Energy ",
volume = "",
number = "",
pages = " - ",
year = "2016",
note = "Final publication expected to 2017.",
issn = "0306-2619",
doi = "http://dx.doi.org/10.1016/j.apenergy.2016.12.043",
author = "Vitor N. Coelho and Igor M. Coelho and Bruno N. Coelho and Glauber C. de Oliveira and Alexandre C. Barbosa and Leo Pereira and Alan de Freitas and Haroldo G. Santos and Luis S. Ochi and Frederico G. Guimar{\~a}es",
}


@article{Coelho2017MAS,
title = "Multi-agent systems applied for energy systems integration: State-of-the-art applications and trends in microgrids ",
journal = "Applied Energy ",
volume = "187",
number = "",
pages = "820 - 832",
year = "2017",
note = "",
issn = "0306-2619",
doi = "http://dx.doi.org/10.1016/j.apenergy.2016.10.056",
author = "Vitor N. Coelho and Miri Weiss Cohen and Igor M. Coelho and Nian Liu and Frederico Gadelha Guimar{\~a}es",
}


@misc{Bitcoini82:online,
author = {Sophie Vorrath},
title = {Bitcoin-inspired peer-to-peer solar trading trial kicks off in Perth : Renew Economy},
howpublished = {\url{http://reneweconomy.com.au/bitcoin-inspired-peer-to-peer-solar-trading-trial-kicks-off-in-perth-29362/}},
month = {},
year = {},
note = {(Accessed on 02/17/2017)}
}

@inproceedings{morvaj2011demonstrating,
  title={Demonstrating smart buildings and smart grid features in a smart energy city},
  author={Morvaj, B and Lugaric, L and Krajcar, S},
  booktitle={Energetics (IYCE), Proceedings of the 2011 3rd International Youth Conference on},
  pages={1--8},
  year={2011},
  organization={IEEE}
}

@INPROCEEDINGS{LiSmartGridSupportsCityDevelopment2016, 
author={M. Li and H. Xiao and W. Gao and L. Li}, 
booktitle={2016 Chinese Control and Decision Conference (CCDC)}, 
title={Smart grid supports the future intelligent city development}, 
year={2016}, 
pages={6128-6131}, 
doi={10.1109/CCDC.2016.7532097}, 
}

@article{Cheng2016,
title = "Benefits of using virtual energy storage system for power system frequency response ",
journal = "Applied Energy ",
year = "2016",
issn = "0306-2619",
doi = "http://dx.doi.org/10.1016/j.apenergy.2016.06.113",
author = "Meng Cheng and Saif Sabah Sami and Jianzhong Wu",
}

@article{Horio2015623,
title = "Potential of the ‘Renewable Energy Exodus’ (a mass rural remigration) for massive \{GHG\} reduction in Japan ",
journal = "Applied Energy ",
volume = "160",
number = "",
pages = "623 - 632",
year = "2015",
note = "",
issn = "0306-2619",
doi = "http://dx.doi.org/10.1016/j.apenergy.2015.03.087",
author = "Masayuki Horio and Sawako Shigeto and Ryota Ii and Yukihiro Shimatani and Masato Hidaka",
}


@article{hofman2011water,
  title={Water and energy as inseparable twins for sustainable solutions},
  author={Hofman, Jan and Hofman-Caris, Roberta and Nederlof, Maarten and Frijns, Jos and Van Loosdrecht, Mark},
  journal={Water Science and Technology},
  volume={63},
  number={1},
  pages={88--92},
  year={2011},
  publisher={IWA Publishing}
}



@article{batty2013big,
  title={Big data, smart cities and city planning},
  author={Batty, Michael},
  journal={Dialogues in Human Geography},
  volume={3},
  number={3},
  pages={274--279},
  year={2013},
  publisher={SAGE Publications Sage UK: London, England}
}


@article{mangelkamp2017,
title = "Designing microgrid energy markets: A case study: The Brooklyn Microgrid",
journal = "Applied Energy",
volume = "210",
pages = "870 - 880",
year = "2018",
issn = "0306-2619",
doi = "https://doi.org/10.1016/j.apenergy.2017.06.054",
author = "Esther Mengelkamp and Johannes Gärttner and Kerstin Rock and Scott Kessler and Lawrence Orsini and Christof Weinhardt",
keywords = "Microgrid energy market, Market design, Blockchain, Case study, Peer-to-peer trading, Renewable energy"
}

@book{swan2015blockchain,
  title={Blockchain: Blueprint for a new economy},
  author={Swan, Melanie},
  year={2015},
  publisher={" O'Reilly Media, Inc."}
}



@article{farhangi2010path,
  title={The path of the smart grid},
  author={Farhangi, Hassan},
  journal={IEEE power and energy magazine},
  volume={8},
  number={1},
  year={2010},
  publisher={IEEE}
}






@article{mainelli2015sharing,
  title={Sharing ledgers for sharing economies: an exploration of mutual distributed ledgers (aka blockchain technology)},
  author={Mainelli, Michael and Smith, Mike and others},
  journal={The Journal of Financial Perspectives},
  volume={3},
  number={3},
  pages={38--69},
  year={2015}
}

@misc{buterin2013ethereum,
  title={Ethereum White Paper: A NEXT GENERATION SMART CONTRACT \& DECENTRALIZED APPLICATION PLATFORM},
  author={Buterin, Vitalik},
  year={2013},
  url={http://www.the-blockchain.com/docs/Ethereum\_white\_paper-a\_next\_generation\_smart\_contract\_and\_decentralized\_application\_platform-vitalik-buterin.pdf}
}

@misc{gavin2013ethereum,
  title={ETHEREUM: A SECURE DECENTRALISED GENERALISED TRANSACTION LEDGER},
  author={Wood, Gavin},
  year={2013},
  url={http://gavwood.com/paper.pdf}
}


@misc{nakamoto2008bitcoin,
  title={Bitcoin: A peer-to-peer electronic cash system},
  author={Nakamoto, Satoshi},
  year={2008}
}





@inproceedings{hefenbrock2010accelerating,
  title={Accelerating Viola-Jones face detection to FPGA-level using GPUs},
  author={Hefenbrock, Daniel and Oberg, Jason and Thanh, Nhat Tan Nguyen and Kastner, Ryan and Baden, Scott B},
  booktitle={Field-Programmable Custom Computing Machines (FCCM), 2010 18th IEEE Annual International Symposium on},
  pages={11--18},
  year={2010},
  organization={IEEE}
}

@inproceedings{vandal2010cuda,
  title={CUDA accelerated iris template matching on graphics processing units (GPUs)},
  author={Vandal, Nicholas A and Savvides, Marios},
  booktitle={Biometrics: Theory Applications and Systems (BTAS), 2010 Fourth IEEE International Conference on},
  pages={1--7},
  year={2010},
  organization={IEEE}
}


@inproceedings{czajkowski2012opencl,
  title={From OpenCL to high-performance hardware on FPGAs},
  author={Czajkowski, Tomasz S and Aydonat, Utku and Denisenko, Dmitry and Freeman, John and Kinsner, Michael and Neto, David and Wong, Jason and Yiannacouras, Peter and Singh, Deshanand P},
  booktitle={Field Programmable Logic and Applications (FPL), 2012 22nd International Conference on},
  pages={531--534},
  year={2012},
  organization={IEEE}
}


@article {PIP:PIP2909,
author = {Green, Martin A. and Hishikawa, Yoshihiro and Warta, Wilhelm and Dunlop, Ewan D. and Levi, Dean H. and Hohl-Ebinger, Jochen and Ho-Baillie, Anita W.H.},
title = {Solar cell efficiency tables (version 50)},
journal = {Progress in Photovoltaics: Research and Applications},
volume = {25},
number = {7},
issn = {1099-159X},
doi = {10.1002/pip.2909},
pages = {668--676},
keywords = {energy conversion efficiency, photovoltaic efficiency, solar cell efficiency},
year = {2017},
note = {PIP-17-089},
}


﻿@article {PIP:PIP2967,
author = {Hameiri, Ziv},
title = {Photovoltaics literature survey (no. 138)},
journal = {Progress in Photovoltaics: Research and Applications},
volume = {25},
number = {12},
issn = {1099-159X},
doi = {10.1002/pip.2967},
pages = {1077--1083},
year = {2017},
}

@article{SWALEH1982183,
title = "Effect of shunt resistance and bypass diodes on the shadow tolerance of solar cell modules",
journal = "Solar Cells",
volume = "5",
number = "2",
pages = "183 - 198",
year = "1982",
issn = "0379-6787",
doi = "https://doi.org/10.1016/0379-6787(82)90026-6",
url = "http://www.sciencedirect.com/science/article/pii/0379678782900266",
author = "M.S. Swaleh and M.A. Green"
}





@article{Chohan,
author = { Usman   Chohan   },
title = {The Decentralized Autonomous Organsations and Governance Issues},
journal = {SSRN Electronic Journal},
year = 2017,
doi = {10.2139/ssrn.3082055},
},
eprint = { 
        https://doi.org/10.1080/00343400701543355
    
}

@article{Pike,
author = { Andy   Pike  and  Andrés   Rodríguez-Pose  and  John   Tomaney },
title = {What Kind of Local and Regional Development and for Whom?},
journal = {Regional Studies},
volume = {41},
number = {9},
pages = {1253-1269},
year  = {2007},
publisher = {Routledge},
doi = {10.1080/00343400701543355},
},
eprint = { 
        https://doi.org/10.1080/00343400701543355
    
}
@article{Meijer,
author = {Albert J. Meijer and J. Ramon Gil-Garcia and Manuel Pedro Rodríguez Bolívar},
title ={Smart City Research: Contextual Conditions, Governance Models, and Public Value Assessment},
journal = {Social Science Computer Review},
volume = {34},
number = {6},
pages = {647-656},
year = {2016},
doi = {10.1177/0894439315618890},

URL = { 
        https://doi.org/10.1177/0894439315618890
    
},
eprint = { 
        https://doi.org/10.1177/0894439315618890
    
}
,
   }
}


}




@article{walport2016distributed,
 title={Distributed ledger technology: Beyond blockchain},
 author={Walport, MGCSA},
 journal={UK Government Office for Science},
 year={2016}
}

@article{christidis2016blockchains,
 title={Blockchains and smart contracts for the internet of things},
 author={Christidis, Konstantinos and Devetsikiotis, Michael},
 journal={IEEE Access},
 volume={4},
 pages={2292--2303},
 year={2016},
 publisher={IEEE}
}

@article{Tugcu2012,

title = "Renewable and non-renewable energy consumption and economic growth relationship revisited: Evidence from {G7} countries ",

journal = "Energy Economics ",

volume = "34",

number = "6",

pages = "1942 - 1950",

year = "2012",

note = "",

issn = "0140-9883",

doi = "http://dx.doi.org/10.1016/j.eneco.2012.08.021",

author = "Can Tansel Tugcu and Ilhan Ozturk and Alper Aslan",

}


@article{AlemanNava2014Mexico,

title = "Renewable energy research progress in Mexico: A review ",

journal = "Renewable and Sustainable Energy Reviews ",

volume = "32",

number = "0",

pages = "140 - 153",

year = "2014",

note = "",

issn = "1364-0321",

doi = "http://dx.doi.org/10.1016/j.rser.2014.01.004",

author = "Gibr\'an S. Alem\'an-Nava and Victor H. Casiano-Flores and Diana L. C\'ardenas-Chávez and Roc\'io D\'iaz-Chavez and Nicolae Scarlat and Jürgen Mahlknecht and Jean-Francois Dallemand and Roberto Parra",

}



@article{Diaz2013,

title = "Evolution of Production and the Efficient Location of Renewable Energies. The Case of China ",

journal = "Energy Procedia ",

volume = "40",

number = "0",

pages = "15 - 24",

year = "2013",

note = "European Geosciences Union General Assembly",

issn = "1876-6102",

doi = "http://dx.doi.org/10.1016/j.egypro.2013.08.003",

author = "Paula D\'iaz and Joan Mas\'o",

}



@article{Pao2013,

title = "Renewable energy, non-renewable energy and economic growth in Brazil ",

journal = "Renewable and Sustainable Energy Reviews ",

volume = "25",

number = "0",

pages = "381 - 392",

year = "2013",

note = "",

issn = "1364-0321",

doi = "http://dx.doi.org/10.1016/j.rser.2013.05.004",

author = "Hsiao-Tien Pao and Hsin-Chia Fu",

}


@article{Lin2013,

title = "A comparison of innovation policy in the smart grid industry across the pacific: China and the \{USA\} ",

journal = "Energy Policy ",

volume = "57",

number = "0",

pages = "119 - 132",

year = "2013",

note = "",

issn = "0301-4215",

doi = "http://dx.doi.org/10.1016/j.enpol.2012.12.028",

author = "Chen-Chun Lin and Chia-Han Yang and Joseph Z. Shyua",

}



@article{Acharjee2013,

title = "Strategy and implementation of Smart Grids in India ",

journal = "Energy Strategy Reviews ",

volume = "1",

number = "3",

pages = "193 - 204",

year = "2013",

note = "Future Energy Systems and Market Integration of Wind Power ",

issn = "2211-467X",

doi = "http://dx.doi.org/10.1016/j.esr.2012.05.003",

author = "P. Acharjee",

}



@article{Welsch2013,

title = "Smart and Just Grids for sub-Saharan Africa: Exploring options ",

journal = "Renewable and Sustainable Energy Reviews ",

volume = "20",

number = "0",

pages = "336 - 352",

year = "2013",

note = "",

issn = "1364-0321",

doi = "http://dx.doi.org/10.1016/j.rser.2012.11.004",

author = "Manuel Welsch and Morgan Bazilian and Mark Howells and Deepak Divan and David Elzinga and Goran Strbac and Lawrence Jones and Andrew Keane and Dolf Gielen and V.S.K. Murthy Balijepalli and Abeeku Brew-Hammond and Kandeh Yumkella",

}



@article{Chen2013,

title = "Economic analysis and optimal energy management models for microgrid systems: A case study in Taiwan ",

journal = "Applied Energy ",

volume = "103",

number = "0",

pages = "145 - 154",

year = "2013",

note = "",

issn = "0306-2619",

doi = "http://dx.doi.org/10.1016/j.apenergy.2012.09.023",

author = "Yen-Haw Chen and Su-Ying Lu and Yung-Ruei Chang and Ta-Tung Lee and Ming-Che Hu",

}