@book{book:2066288,
   title =     {Human Interface and the Management of Information: Supporting Learning, Decision-Making and Collaboration: 19th International Conference, HCI International 2017, Vancouver, BC, Canada, July 9–14, 2017, Proceedings, Part II},
   author =    {Sakae Yamamoto (eds.)},
   publisher = {Springer International Publishing},
   isbn =      {978-3-319-58523-9, 978-3-319-58524-6},
   year =      {2017},
   series =    {Lecture Notes in Computer Science 10274},
   edition =   {1},
   volume =    {},
   note = 	   {Accessed 04/06/18}}

@book{book:sc,
   title =     {Smart cities: foundations, principles, and applications},
   author =    {Sabina Jeschke and Houbing Song and Tamim Sookoor and Ravi Srinivasan},
   publisher = {John Wiley & Sons},
   isbn =      {9781119226413,1119226414,9781119226437,1119226430,9781119226444,1119226449},
   year =      {2017},
   series =    {},
   edition =   {},
   volume =    {}}

@book{book:cisco,
   title =		{Internetworking Technology Handbook},
   author =		{Wiki},
   publisher =	{Cisco},
   isbn =		{},
   year =		{20--},
   note =		{Cisco DocWiki},
   url =		{http://docwiki.cisco.com/w/index.php?title=Internetworking_Technology_Handbook&oldid=49158}}

@book{book:internet,
   title =		{Bem-vindo à Internet},
   author =		{Denise Del Re Filippo and Alexandre Sztajnberg},
   publisher =	{Editora Brasport},
   isbn =		{},
   year =		{1996},
   note =		{Rio de Janeiro},
   url =		{http://www.filippo.eti.br/livro}}

@book{book:networks,
   title =     {International Handbook of Network Industries : The Liberalization of Infrastructure},
   author =    {Matthias Finger and Rolf W. Kunneke},
   publisher = {Edward Elgar Publishing},
   isbn =      {9781847206428},
   year =      {2011},
   series =    {},
   edition =   {},
   volume =    {}}

@techreport{iea2011,
	author = "International Energy Agency",
    title = "Technology Roadmap: Smart Grids",
    year = "2011",
    url = "https://www.iea.org/publications/freepublications/publication/technology-roadmap-smart-grids.html",
}

@techreport{wp1,
	author = "Nicholas Belanger and Ian H. Rowlands",
    title = "Smart Energy Networks: Progress and Prospects",
    month = "June",
    year = "2013",
    institution = "Waterloo Institute for Renewable Energy",
    url = "https://wise.uwaterloo.ca/sen/blogs/nowavailablewhitepaper1smartenergynetworksprogressandprospects",
    note = "White Paper 1 – WISE Series on ‘Smart Energy Networks"
}

@article{Coelho2016,
  author = "Vitor N. Coelho and Igor M. Coelho and Bruno N. Coelho and Glauber C. de Oliveira and Alexandre C. Barbosa and Leo Pereira and Alan de Freitas and Haroldo G. Santos and Luis S. Ochi and Frederico G. Guimar{\~a}es",
  title = "A communitarian microgrid storage planning system inside the scope of a smart city ",
  journal = "Applied Energy ",
  volume = "",
  number = "",
  pages = " - ",
  year = "2016",
  note = "",
  issn = "0306-2619",
  doi = "http://doi.org/10.1016/j.apenergy.2016.12.043",

}

@article{Coelho2016730,
title = "Multi-objective energy storage power dispatching using plug-in vehicles in a smart-microgrid ",
journal = "Renewable Energy ",
volume = "89",
number = "",
pages = "730 - 742",
year = "2016",
note = "",
issn = "0960-1481",
doi = "http://doi.org/10.1016/j.renene.2015.11.084",
author = "Vitor N. Coelho and Igor M. Coelho and Bruno N. Coelho and Miri Weiss Cohen and Agnaldo J.R. Reis and Sidelmo M. Silva and Marcone J.F. Souza and Peter J. Fleming and Frederico G. Guimar{\~a}es",
}

@article{Coelho2017820,
title = "Multi-agent systems applied for energy systems integration: State-of-the-art applications and trends in microgrids ",
journal = "Applied Energy ",
volume = "187",
number = "",
pages = "820 - 832",
year = "2017",
note = "",
issn = "0306-2619",
doi = "http://doi.org/10.1016/j.apenergy.2016.10.056",
author = "Vitor N. Coelho and Miri Weiss Cohen and Igor M. Coelho and Nian Liu and Frederico Gadelha Guimar{\~a}es",

}

@online{fontes,
    author    = "CCEE",
    title     = "Câmara de Comercialização de Energia Elétrica: Fontes",
    year	= "2017",
    howpublished = "Disponível em: \url{www.ccee.org.br/portal/faces/pages_publico/onde-atuamos/fontes?_adf.ctrl-state=vffa9v100_14&_afrLoop=168423410578607}",
    note     = "Acesso em: 17/03/2017",
}

@online{BIG,
    author    = "ANEEL",
    title     = "Banco de Informações de Geração: Matriz de Energia Elétrica",
    year	= "2017",
    howpublished = "Disponível em: \url{www2.aneel.gov.br/aplicacoes/capacidadebrasil/capacidadebrasil.cfm}",
    note     = "Acesso em: 17/03/2017",
}

@online{price,
    author    = "ANEEL",
    title     = "Superintendência de Gestão Tarifária: Entendendo a Tarifa",
    howpublished = "Disponível em: \url{http://goo.gl/rSZgYc}",
    year     = "2017",
    month    = "Fev",
    note     = "Acesso em: 24/03/2017",
}

@online{GD,
    author    = "ANEEL, Superintendência de Regulação dos Serviços de Distribuição (SRD)",
    title     = "Informações Técnicas",
    howpublished = "Disponível em: \url{https://goo.gl/gRp4nG}",
    year     = "2016",
    month    = "Out",
    note     = "Acesso em: 17/03/2017",
}

@online{beneficios,
    author    = "Instituto IDEAL, América do Sol",
    title     = "Benefícios e Custos da Energia Solar",
    year	= "2017",
    howpublished = "Disponível em: \url{http://americadosol.org/beneficios-e-custos-da-energia-solar/}",
    note     = "Acesso em: 17/03/2017",
}

@online{rules,
    author    = "Instituto IDEAL, América do Sol",
    title     = "Regulamentação",
    year	= "2017",
    howpublished = "Disponível em: \url{http://americadosol.org/regulamentacao/}",
    note     = "Acesso em: 17/03/2017",
}

@online{FAQ,
    author    = "ANEEL",
    title     = "Perguntas e Respostas sobre a aplicação da Resolução Normativa nº 482/2012",
    howpublished = "Disponível em: \url{http://www2.aneel.gov.br/arquivos/PDF/FAQ_GD_Atualizado.pdf}",
    year     = "2016",
    month    = "Mar",
    note     = "Acesso em: 24/03/2017",
}

@online{abradee,
    author    = "ABRADEE",
    title     = "Visão Geral do Setor",
    year	= "2017",
    howpublished = "Disponível em: \url{http://www.abradee.com.br/setor-eletrico/visao-geral-do-setor}",
    note     = "Acesso em: 27/03/2017",
}

@online{abradee2,
    author    = "ABRADEE",
    title     = "Tarifas de Energia",
    year	= "2017",
    howpublished = "Disponível em: \url{http://www.abradee.com.br/setor-de-distribuicao/tarifas-de-energia/tarifas-de-energia}",
    note     = "Acesso em: 11/04/2017",
}

@online{agentes,
    author    = "CCEE",
    title     = "Como se dividem -- Categoria de Agentes da CCEE",
    year	= "2017",
    howpublished = "Disponível em: \url{https://www.ccee.org.br/portal/faces/pages_publico/quem-participa/como_se_dividem?_adf.ctrl-state=fqtwb5ka4_4&_afrLoop=80021925404020}",
    note     = "Acesso em: 27/03/2017",
}

@mastersthesis{gerusa,
  author       = "Magalhães, Gerusa de Souza Côrtes", 
  title        = "Comercialização de energia elétrica no ambiente de contratação livre: uma análise regulatório-institucional a partir dos contratos de compra e venda de energia elétrica",
  school       = "Universidade de São Paulo (USP)",
  year         = "2009",
  address      = "São Paulo",
  howpublished = "Disponível em: \url{http://www.teses.usp.br/teses/disponiveis/86/86131/tde-09062011-152105/pt-br.php}",
  note         = "Acesso em: 29/03/2017",
}

@ebook{green-coins,
    author    = "Hundt, Reed E. and Schub, Jeffrey and Schottenfeld, Joseph R.",
    title     = "Chapter 10 Green Coins: Using Digital Currency to Build the New Power Platform",
    howpublished = "Disponível em: \url{https://idcubed.org/chapter-10-green-coins-using-digital-currency-build-new-power-platform/}",
    year     = "2014",
    note     = "Acesso em: 23/03/2017",
}

@online{MP579,
    author    = "Costellini, Clara and Hollanda, Lavinia",
    title     = "Setor Elétrico: da MP 579 ao pacote financeiro",
    howpublished = "Disponível em: \url{http://fgvenergia.fgv.br/artigos/setor-eletrico-da-mp-579-ao-pacote-financeiro}",
    year     = "2014",
    month    = "Mar",
    note     = "Acesso em: 27/03/2017",
}%ainda não foi referenciado

@online{seminario,
    author    = "ANEEL",
    title     = "A ANEEL e o Modelo do Setor Elétrico Brasileiro",
    howpublished = "Disponível em: \url{http://www2.aneel.gov.br/arquivos/pdf/ElleryFNE.pdf}",
    year     = "2001",
    month    = "Ago",
    note     = "Seminário “A Crise Energética Brasileira”. Acesso em: 27/03/2017",
}

@unpublished{cebolo,
    author    = "Cébolo, Arnaldo dos Santos",
    title     = "Reestruturação do Setor Elétrico Brasileiro",
    year     = "2012",
    note     = "Slides da disciplina Estruturação do Setor Elétrico, CEFET/RJ. Acesso em: 27/03/2017",
}

@online{lei,
    author    = "BRASIL",
    title     = "Lei 8.987, de 13 de fevereiro de 1995. Dispõe sobre o regime de concessão e permissão da prestação de serviços públicos previsto no art. 175 da Constituição Federal, e dá outras providências.",
    howpublished = "Disponível em: \url{http://www.planalto.gov.br/ccivil_03/leis/L8987compilada.htm}",
    year     = "1995",
    month    = "Fev",
    note     = "Acesso em: 30/03/2017",
}

@online{agtrans,
    author    = "ONS",
    title     = "O ONS: Relacionamentos",
    year	= "2017",
    howpublished = "Disponível em: \url{http://www.ons.org.br/institucional_linguas/relacionamentos.aspx}",
    note     = "Acesso em: 03/04/2017",
}

@online{bandeiras,
    author    = "ANEEL, Superintendência de Gestão Tarifária (SGT)",
    title     = "Bandeiras Tarifárias",
    howpublished = "Disponível em: \url{http://www.aneel.gov.br/bandeiras-tarifarias}",
    year     = "2017",
    month    = "Mar",
    note     = "Acesso em: 05/04/2017",
}

@online{proinfa,
    author    = "Eletrobras",
    title     = "PROGRAMAS: PROINFA",
    year	= "2017",
    howpublished = "Disponível em: \url{http://www.eletrobras.com/elb/ProinfA/data/Pages/LUMISABB61D26PTBRIE.htm}",
    note     = "Acesso em: 06/04/2017",
}

@unpublished{arteiro,
    author    = "de Oliveira, Francisco José Arteiro",
    title     = "Planejamento da operação do Sistema Interligado Nacional",
    year     = "2006",
    month   = "Out",
    note     = "Slides do I Workshop da Operação, AES-Tietê, Bauru (SP). Acesso em: 07/04/2017",
}

@online{its1,
    author    = "ITS Rio",
    title     = "Blockchain: a tecnologia e suas aplicações",
    year	= "2017",
    howpublished = "Disponível em: \url{https://itsrio.org/pt/cursos/blockchain-a-tecnologia-e-suas-aplicacoes/}",
    note     = "Atualizaram a página e o conteúdo referenciado não está mais acessível! Acesso em: 22/03/2017",
}

@online{block-endeavor,
    author    = "Endeavor",
    title     = "Blockchain: conheça a tecnologia por trás da revolução das moedas virtuais",
    howpublished = "Disponível em: \url{https://endeavor.org.br/blockchain/}",
    year    = "2015",
    month   = "Ago",
    note     = "Acesso em: 22/03/2017",
}

@online{its2,
    author    = "Aleixo, Gabriel ",
    title     = "O potencial transformador da tecnologia blockchain",
    year	= "2016",
    month	= "Abr",
    howpublished = "Disponível em: \url{https://feed.itsrio.org/o-potencial-transformador-da-tecnologia-blockchain-777a5edf6a29}",
    note     = "Acesso em: 22/03/2017",
}

@online{its3,
    author    = "Radu, Roxana and Aleixo, Gabriel",
    title     = "Blockchain e o futuro da Governança",
    year	= "2015",
    month	= "Nov",
    howpublished = "Disponível em: \url{https://goo.gl/5ZT2Uf}",
    note     = "Acesso em: 22/03/2017",
}

@online{its4,
    author    = "Lemos, Ronaldo",
    title     = "Como usar a Blockchain para promover o interesse público?",
    year	= "2017",
    month	= "Fev",
    howpublished = "Disponível em: \url{https://goo.gl/AsUXPj}",
    note     = "Acesso em: 22/03/2017",
}

@online{ether,
    author    = "Wood, Gavin",
    title     = "Ethereum: homestead release",
    year  = {2017},
    howpublished = "Disponível em: \url{https://ethereum.org/}",
    note     = "Acesso em: 23/03/2017",
}

@online{merz2016,
    author    = "Merz, Michael",
    title     = "Potential of the Blockchain Technology in Energy Trading",
    year	= "2016",
    month	= "Oct",
    howpublished = "Disponível em: \url{http://www.ponton.de/downloads/mm/Potential-of-the-Blockchain-Technology-in-Energy-Trading_Merz_2016.en.pdf}",
    note     = "Acesso em: 11/04/2017. Aparece como capítulo do livro Blockchain technology Introduction
for business and IT managers, de Daniel Burgwinkel et al., edit. OLDENBOURG",
}

@online{precos,
    author    = "CCEE, Câmara de Comercialização de Energia Elétrica",
    title	= "Preços",
    year	= "2017",
    howpublished	= "Disponível em: \url{https://www.ccee.org.br/portal/faces/oquefazemos_menu_lateral/precos}",
    note	= "Acesso em: 15/04/2017",
}

@video{gartner,
    author    = "Kandaswamy, Rajesh",
    title     = "Blockchain: How Real Is The Market?",
    year	= "2016",
    howpublished = "Disponível em: \url{https://www.gartner.com/webinar/3607520}",
    note     = "Acesso em: 11/04/2017",
}

@online{tarifa_branca,
    author    = "ANEEL, Superintendência de Gestão Tarifária (SGT)",
    title     = "Modalidades tarifárias",
    howpublished = "Disponível em: \url{http://www.aneel.gov.br/tarifa-branca}",
    year     = "2017",
    month    = "Fev",
    note     = "Acesso em: 18/04/2017",
}


%-------------------------------------------------------------------
% IEEE
@ARTICLE{7452756, 
    author={K. Kok and S. Widergren}, 
    journal={IEEE Power and Energy Magazine}, 
    title={A Society of Devices: Integrating Intelligent Distributed Resources with Transactive Energy}, 
    year={2016}, 
    volume={14}, 
    number={3}, 
    pages={34-45}, 
    keywords={distribution networks;coordinated operation;coordination mechanisms;electricity infrastructure;intelligent distributed resources;intelligent electricity system;local coordination tasks;sustainable energy carrier;transactive energy;transition scenarios;Artificial intelligence;Energy management;Multi-agent systems;Optimization;Smart grids;Transactive energy}, 
    doi={10.1109/MPE.2016.2524962}, 
    ISSN={1540-7977}, 
    month={May},
    note    = "Acesso em: 05/04/2017",
}




@article{Jiayi2008,
  title = "A review on distributed energy resources and MicroGrid ",
  journal = "Renewable and Sustainable Energy Reviews ",
  volume = "12",
  number = "9",
  pages = "2472 - 2483",
  year = "2008",
  note = "",
  issn = "1364-0321",
  doi = "http://dx.doi.org/10.1016/j.rser.2007.06.004",
  author = "Huang Jiayi and Jiang Chuanwen and Xu Rong",
}

@incollection{ClarkWGellings2009-SmartGrid-char1,
  AUTHOR =       {Clark W. Gellings},
  editor =       {},
  title = {Chapter 1 - {W}hat is the {S}mart {G}rid},
  booktitle =        {The Smart Grid: Enabling Energy Efficiency and Demand Response},
  PUBLISHER =    {The Fairmont Press},
  YEAR =         {2009},
  volume =       {},
  number =       {},
  address =      {},
  edition =      {},
  month =        {},
  note =         {},
  abstract =     {},
  isbn =         {ISBN 0-88173-624-4},
  price =        {},
  keywords =     {},
  source =       {}
}

