@ARTICLE{masiello2016,
    author={R. {Masiello}},
    journal={IEEE Power and Energy Magazine},
    title={Transactive Energy: The Hot Topic in the Industry [Guest Editorial]},
    year={2016},
    volume={14},
    number={3},
    pages={14-16},
    keywords={Special issues and sections;Smart grids;Power grids;Energy resources;Transactive energy;Power distribution planning;Government policies},
    doi={10.1109/MPE.2016.2525241},
    ISSN={},
    month={May}
}

@ARTICLE{forfia2016,
    author={D. {Forfia} and M. {Knight} and R. {Melton}},
    journal={IEEE Power and Energy Magazine},
    title={The View from the Top of the Mountain: Building a Community of Practice with the GridWise Transactive Energy Framework},
    year={2016},
    volume={14},
    number={3},
    pages={25-33},
    keywords={distributed power generation;power distribution planning;New York Reforming the Energy Vision discussions;National Institute of Standards TE Challenge;NIST TE Challenge;distributed energy resources;DER;gridwise transactive energy framework;Power grids;Power distribution planning;Power system reliability;Transactive energy;Energy management},
    doi={10.1109/MPE.2016.2524961},
    ISSN={},
    month={May}
}

@ARTICLE{olken2016,
    author={M. {Olken}},
    journal={IEEE Power and Energy Magazine},
    title={Transactive Energy: Providing an Enabling Environment [From the Editor]},
    year={2016},
    volume={14},
    number={3},
    pages={4-4},
    keywords={},
    doi={10.1109/MPE.2016.2525878},
    ISSN={},
    month={May}
}

@book{toffler1980,
  title={The Third Wave},
  author={Toffler, A.},
  isbn={9780688035976},
  lccn={79026690},
  year={1980},
  publisher={Morrow}
}

@misc{video:grid,
  author       = {{Grid Singularity}},
  editor       = {Annie Shreffler},
  publisher    = {WGBH Forum Network},
  title        = {The Blockchain: Enabling a Distributed and Connected Energy Future},
  day          = 6,
  month        = 4,
  year         = 2016,
  howpublished = {Available at: \url{https://www.youtube.com/watch?v=cpMwPhA9QzM&feature=youtu.be&t=1h33m5s}},
  note         = {The Grid Singularity's case presentation made by Ewald Hesse starts at 1h 33m 5s. A description about the whole event is also available at \url{https://www.mitforumcambridge.org/event/the-blockchain-enabling-a-distributed-and-connected-energy-future/}.}
}

@misc{neowp,
  title        = {White Paper},
  author       = {NEO}, 
  year         = 2018,
  howpublished = {Available at: \url{https://docs.neo.org/en-us/whitepaper.html}},
  note         = {Accessed on 2018.}
}

@misc{poet,
  title        = {PoET 1.0 Specification},
  author       = {Intel Corporation}, 
  year         = 2018,
  howpublished = {Available at: \url{https://sawtooth.hyperledger.org/docs/core/releases/latest/architecture/poet.html?highlight=proof\%20elapsed\%20time}},
  note         = {Sawtooth Version 1.1.2. Accessed on February 4, 2019.}
}

@manual{hyper1,
  title        = {Hyperledger Architecture},
  author       = {Hyperledger}, 
  volume       = 1,
  year         = 2018,
  howpublished = {Available at: \url{https://www.hyperledger.org/resources/publications?utm_content=July#white-papers}},
  note         = {Introduction to Hyperledger Business Blockchain Design Philosophy and Consensus.}
}

@manual{hyper2,
  title        = {Hyperledger Architecture},
  author       = {Hyperledger}, 
  volume       = 2,
  year         = 2018,
  howpublished = {Available at: \url{https://www.hyperledger.org/resources/publications?utm_content=July#white-papers}},
  note         = {Smart Contracts.}
}

@techreport{epe2014-2,
  author       = {Empresa de Pesquisa Energética {EPE}},
  title        = {Demanda de Energia 2050},
  institution  = {Ministério de Minas e Energia (MME)},
  year         = 2014,
  address      = {Rio de Janeiro},
  month        = 8,
  howpublished = {Available at: \url{o-diretório-foi-alterado-e-a-publicação-não-aparece-na-busca-do-site}},
  note         = {Série Estudos da Demanda de Energia, nota técnica DEA 13/14. \textcolor{red}{To be read!} Accessed on March 30, 2018.}
}

@article{castro2018,
  author       = {Nivalde de Castro and Gabriel Castro and Daniel Ferreira and Francesco Tommasso and Rafael Morais}, 
  title        = {Impactos Sistêmicos da Micro e Minigeração Distribuída},
  institution  = {Grupo de Estudos do Setor Elétrico (GESEL), Instituto de Economia da Universidade Federal do Rio de Janeiro (IE/UFRJ)},
  year         = 2018,
  month        = 1,
  address      = {Rio de Janeiro, RJ - Brasil},
  isbn         = {978-85-93305-46-7},
  howpublished = {Available at: \url{http://www.gesel.ie.ufrj.br/index.php/Publications}},
  note         = {Texto de Discussão do Setor Elétrico (TDSE) N$^{o}$ 79.}
}

@techreport{aneel-ideal,
  author       = {Danilo de Brito Lima}, 
  title        = {Cooperativas de energia: guia de constituição de cooperativas de geração distribuída fotovoltaica},
  institution  = {Sistema OCB and Cooperação Alemã and Giz and DGRV},
  year         = 2018,
  address      = {Brasília, DF - Brasil},
  isbn         = {978-85-00000-00-0},
  howpublished = {Available at: \url{https://www.ocb.org.br/publicacoes}},
  note         = {Apoio: Aneel, Ideal.}
}

@article{vangulick2018,
    AUTHOR = {David Vangulick and Bertrand Cornélusse and Damien Ernst},
    TITLE = {Blockchain for peer-to-peer energy exchanges: design and recommendations},
    JOURNAL = {Proceedings of the XX Power Systems Computation Conference (PSCC2018)},
    YEAR = {2018},
    URL = {http://hdl.handle.net/2268/220759},
    DOI = {http://dx.doi.org/10.23919/PSCC.2018.8443042},
    note = {Accessed on Jan 4, 2019.}
}

@INPROCEEDINGS{kounelis2017, 
    author={I. Kounelis and G. Steri and R. Giuliani and D. Geneiatakis and R. Neisse and I. Nai-Fovino}, 
    booktitle={2017 International Conference in Energy and Sustainability in Small Developing Economies (ES2DE)}, 
    title={Fostering consumers' energy market through smart contracts}, 
    year={2017}, 
    volume={}, 
    number={}, 
    pages={1-6},
    doi={10.1109/ES2DE.2017.8015343}, 
    ISSN={}, 
    month={July},
    note = {Accessed on Jan 4, 2019.}
}

@article{wang2018,
    AUTHOR = {Wang, Ning and Xu, Weisheng and Xu, Zhiyu and Shao, Weihui},
    TITLE = {Peer-to-Peer Energy Trading among Microgrids with Multidimensional Willingness},
    JOURNAL = {Energies},
    VOLUME = {11},
    YEAR = {2018},
    NUMBER = {12},
    ARTICLE-NUMBER = {3312},
    URL = {http://www.mdpi.com/1996-1073/11/12/3312},
    ISSN = {1996-1073},
    DOI = {10.3390/en11123312},
    note = {Accessed on Jan 4, 2019.}
}

@article{andoni2019,
    title = "Blockchain technology in the energy sector: A systematic review of challenges and opportunities",
    journal = "Renewable and Sustainable Energy Reviews",
    volume = "100",
    pages = "143 - 174",
    year = "2019",
    issn = "1364-0321",
    doi = "https://doi.org/10.1016/j.rser.2018.10.014",
    url = "http://www.sciencedirect.com/science/article/pii/S1364032118307184",
    author = "Merlinda Andoni and Valentin Robu and David Flynn and Simone Abram and Dale Geach and David Jenkins and Peter McCallum and Andrew Peacock",
    note = {Accessed on Jan 4, 2019.}
}

@INPROCEEDINGS{mihaylov2014, 
    author={M. Mihaylov and S. Jurado and N. Avellana and K. Van Moffaert and I. M. de Abril and A. Nowé}, 
    booktitle={11th International Conference on the European Energy Market (EEM14)}, 
    title={NRGcoin: Virtual currency for trading of renewable energy in smart grids}, 
    year={2014}, 
    volume={}, 
    number={}, 
    pages={1-6},
    doi={10.1109/EEM.2014.6861213}, 
    ISSN={2165-4093}, 
    month={May},
    note = {Accessed on Aug 21, 2018.},
}

@article{magnasco2016,
    title = "Data Services for Real Time Optimization of DC Nanogrids with Organic Growth",
    journal = "Energy Procedia",
    volume = "103",
    pages = "369 - 374",
    year = "2016",
    note = "Renewable Energy Integration with Mini/Microgrid – Proceedings of REM2016",
    issn = "1876-6102",
    doi = "https://doi.org/10.1016/j.egypro.2016.11.301",
    url = "http://www.sciencedirect.com/science/article/pii/S1876610216315119",
    author = "Annika Magnasco and Hannes Kirchhoff and Shahriar Chowdhury and Sebastian Groh",
    keywords = "Swarm electrification, Direct current nanogrid, Internet of things, Remote data analytics, Bangladesh",
    abstract = "In the context of the rural electrification challenge, sharing-based nanogrids represent an innovative approach for affordable and sustainable electricity. The peer-to-peer topology of these nanogrids is targeted at organic growth and thus requires real time monitoring and optimization. A data analysis tool has been developed, aiming at achieving an efficient power flow and real time optimization of generation, storage, load and distribution capacities. This paper elaborates the core algorithms of the network topology optimization and provides first results based on data from a pilot nanogrid in Bangladesh."
}


@unpublished{vitalik2014,
    author      = {Vitalik Buterin},
    title       = {On Silos},
    day         = {30},
    month       = {12},
    year        = {2014},
    howpublished    = {Available at: \url{https://blog.ethereum.org/2014/12/31/silos/}},
    note            = {Accessed on November, 4 2018.}
}

@article{kamphuis2008,
    author      = {M. P. F. Hommelberg and B. J. van der Velde and C. J. Warmer and I. G. Kamphuis and J. K. Kok},
    booktitle   = {2008 IEEE Power and Energy Society General Meeting - Conversion and Delivery of Electrical Energy in the 21st Century},
    title       = {A novel architecture for real-time operation of multi-agent based coordination of demand and supply},
    year        = {2008},
    pages       = {1-5},
    keywords    = {distributed power generation;multi-agent systems;power engineering computing;renewable energy sources;software engineering;supply and demand;PowerMatcher concept;ECN;electricity demand;electricity supply;renewable energy resources;software development;multiagent;Electricity;Contracts;Resource management;Distributed control;Business;Multiagent systems;Buildings;Multi-agent systems;Information technology;Distributed control;Power distribution;Power system control},
    doi         = {10.1109/PES.2008.4596531},
    ISSN        = {1932-5517},
    month       = {July}
}

book{book:p2p-wiley,
   title =     {Mobile Peer to Peer (P2P): A Tutorial Guide},
   author =    {Frank H. P. Fitzek and Hassan Charaf},
   publisher = {Wiley},
   isbn =      {0470699922,9780470699928},
   year =      {2009},
   series =    {},
   edition =   {1},
   volume =    {},
   note =      {Wiley Series on Communications Networking & Distributed Systems}
}

@book{book:net-sys,
   title =     {Computer Networks: A Systems Approach},
   author =    {Larry L. Peterson and Bruce S. Davie},
   publisher = {Elsevier},
   isbn =      {0123850592,9780123850591},
   year =      {2011},
   series =    {},
   edition =   {5},
   volume =    {}
}

@book{book:p2p-mob,
   title =     {P2P Techniques for Decentralized Applications},
   author =    {Esther Pacitti and Reza Akbarinia and Manal El-Dick},
   publisher = {Morgan \& Claypool Publishers},
   isbn =      {1608458229,9781608458226},
   year =      {2012},
   series =    {Synthesis Lectures on Data Management},
   edition =   {},
   volume =    {}
}

@unpublished{satoshi2009,
  author       = {Satoshi Nakamoto},
  title        = {Bitcoin: A Peer-to-Peer Electronic Cash System},
  year         = 2009,
  howpublished = {Available at: \url{https://bitcoin.org/en/bitcoin-paper}},
  note         = {Accessed on September 13, 2017.}
}

@techreport{ideal2017,
  author       = {Philipp Hahn and Taynara Reisner Mighel{\~{a}}o},
  title        = {The Brazilian Market Of Distributed Solar PV Generation – Annual Report 2017},
  institution  = {{Instituto para o Desenvolvimento de Energias Alternativas na América Latina (IDEAL Institute)} and {Câmara de Comércio e Indústria Brasil-Alemanha (AHK-RJ)}},
  year         = 2017,
  month        = 8,
  howpublished = {Available at: \url{https://issuu.com/idealeco_logicas/docs/estudoidealmercadofv2017_en_web}},
  note         = {Accessed on October, 2017.}
}

@techreport{epe2014,
  author       = {Empresa de Pesquisa Energética {EPE}},
  title        = {Inserção da Geração Fotovoltaica Distribuída no Brasil – Condicionantes e Impactos},
  institution  = {Ministério de Minas e Energia (MME)},
  year         = 2014,
  address      = {Rio de Janeiro},
  month        = 10,
  howpublished = {Available at: \url{http://www.epe.gov.br/sites-pt/publicacoes-dados-abertos/publicacoes/PublicacoesArquivos/publicacao-251/topico-311/DEA\%2019\%20-\%20\%20Inserção\%20da\%20Geração\%20Fotovoltaica\%20Distribuída\%20no\%20Brasil\%20-\%20Condicionantes\%20e\%20Impactos\%20VF\%20\%20(Revisada)[1].pdf}},
  note         = {Série Recursos Energéticos, nota técnica DEA 19/14. Accessed on October 2, 2017.}
}

@article{singh2017,
  author  		= {Jatinder Singh and Johan David Michels}, 
  title   		= {Blockchain As a Service: Providers and Trust},
  institution	= {Queen Mary School of Law Legal Studies Research},
  number  		= {269/2017},
  year    		= 2017,
  month   		= 12,
  day			= 20,
  howpublished	= {Available at: \url{https://ssrn.com/abstract=3091223}},
  note			= {Accessed on March 20, 2018.}
}

@article{peck2017,
  author		= {Morgen E. Peck}, 
  title			= {BLOCKCHAIN WORLD - Special Report},
  journal		= {IEEE Spectrum International},
  year			= 2017,
  month			= 8,
  issn			= {0018-9235},
  howpublished	= {Available at: \url{https://spectrum.ieee.org/magazine/2017/October}},
  note			= {Accessed on October 3, 2017.}
}

@techreport{iso-iec-ieee,
    type    = {Standard},
    note    = {ISO/IEC/IEEE 29148:2011(E)},
    title   = {Systems and software engineering -- Life cycle processes -- Requirements engineering},
    author  = {{ISO/IEC/IEEE International Standard}},
    year    = {2011},
    pages   = {1-94},
    doi     = {10.1109/IEEESTD.2011.6146379},
    month   = {Dec}
}

@book{book:bitcoin,
   title =     {Mastering Bitcoin},
   author =    {Andreas M. Antonopoulos},
   publisher = {O'Reilly Media, Inc.},
   isbn =      {9781491902639},
   year =      {2014},
   month =		{12},
   howpublished = {Available at: \url{https://www.safaribooksonline.com/library/view/mastering-bitcoin/9781491902639/}},
   note         = {Accessed on December 20, 2017.}
}

@misc{LFS171x,
  author       = {{Linux Foundation}},
  title        = {Blockchain for Business - An Introduction to Hyperledger Technologies},
  institution  = {LinuxFoundationX},
  howpublished = {Available at: \url{https://www.edx.org/course/blockchain-business-introduction-linuxfoundationx-lfs171x}},
  month        = 7,
  year         = 2017,
  note         = {Massive Open Online Course (MOOC) at Edx platform.}
}

@techreport{uk2016,
  author       = {{UK Government Chief Scientific Adviser}}, 
  title        = {Distributed Ledger Technology: beyond block chain},
  institution  = {Government Office for Science},
  year         = 2016,
  number	   = {GS/16/1},
  howpuplished = {Available at: \url{https://www.gov.uk/government/publications/distributed-ledger-technology-blackett-review}},
  month        = 2,
  note         = {Accessed on April 16, 2018.}
}

@techreport{itu2017,
  author       = {Leon Perlman}, 
  title        = {Distributed Ledger Technologies and Financial Inclusion},
  institution  = {ITU-T Focus Group Digital Financial Services},
  year         = 2017,
  howpuplished = {Available at: \url{https://www.itu.int/en/ITU-T/focusgroups/dfs/Pages/default.aspx}},
  month        = 2,
  note         = {Accessed on March 20, 2018.}
}

@INPROCEEDINGS{xu2017, 
    author={X. Xu and I. Weber and M. Staples and L. Zhu and J. Bosch and L. Bass and C. Pautasso and P. Rimba}, 
    booktitle={2017 IEEE International Conference on Software Architecture (ICSA)}, 
    title={A Taxonomy of Blockchain-Based Systems for Architecture Design}, 
    year={2017}, 
    volume={}, 
    number={}, 
    pages={243-252}, 
    keywords={software architecture;blockchain architectural characteristics;blockchain-based system quality attributes;blockchain-based system taxonomy;distributed software architectures;transactional data sharing;Contracts;Cryptography;Government;Online banking;Peer-to-peer computing;Software architecture;Taxonomy;Distributed databases;Software architecture}, 
    doi={10.1109/ICSA.2017.33}, 
    ISSN={}, 
    month={April},
    note = {Accessed on April 16, 2018.}
}

@INPROCEEDINGS{rimba2017, 
    author={P. Rimba and A. B. Tran and I. Weber and M. Staples and A. Ponomarev and X. Xu}, 
    booktitle={2017 IEEE International Conference on Software Architecture (ICSA)}, 
    title={Comparing Blockchain and Cloud Services for Business Process Execution}, 
    year={2017}, 
    volume={}, 
    number={}, 
    pages={257-260}, 
    keywords={business data processing;costing;distributed databases;organisational aspects;storage management;blockchain-based systems;business process execution;cloud services;cross-organizational settings;execution cost;magnitude difference order;software system development;storage;Computational modeling;Contracts;Mathematical model;Payloads;Software;Software architecture;blockchain;business process;cloud;cost;design}, 
    doi={10.1109/ICSA.2017.44}, 
    ISSN={}, 
    month={April},
	note = {Accessed on April 16, 2018.}
}

@INPROCEEDINGS{butg2017,
    author={L. Butgereit and C. Martinus}, 
    booktitle={2017 Conference on Information Communication Technology and Society (ICTAS)}, 
    title={A comparison of two blockchain architectures for inspiring corporate excellence in South Africa}, 
    year={2017}, 
    volume={}, 
    number={}, 
    pages={1-6}, 
    keywords={cryptography;distributed databases;electronic money;public domain software;Ethereum blockchain;South Africa;blockchain architectures;complementary currencies;corporate excellence;crypto-currency;Computer architecture;Computer languages;Contracts;Cryptography;Economics;Electronic mail;Gold;Ethereum;blockchain}, 
    doi={10.1109/ICTAS.2017.7920656}, 
    ISSN={}, 
    month={March},
    note = {Accessed on April 16, 2018.}
}

@INPROCEEDINGS{marco2017,
    author={M. Conoscenti and A. Vetrò and J. C. De Martin}, 
    booktitle={2017 IEEE/ACM 39th International Conference on Software Engineering Companion (ICSE-C)}, 
    title={Peer to Peer for Privacy and Decentralization in the Internet of Things}, 
    year={2017}, 
    volume={}, 
    number={}, 
    pages={288-290}, 
    keywords={Internet of Things;data privacy;peer-to-peer computing;Internet of Things;blockchain;decentralized private-by-design IoT;peer-to-peer storage networks;personal IoT devices;privacy;Bitcoin;Companies;Data privacy;Internet of Things;Peer-to-peer computing;Scalability;blockchain;internet of things;peer to peer;privacy}, 
    doi={10.1109/ICSE-C.2017.60}, 
    ISSN={}, 
    month={May},
    note = {Accessed on April 16, 2018.}
}

@INPROCEEDINGS{xu2016, 
    author={X. Xu and C. Pautasso and L. Zhu and V. Gramoli and A. Ponomarev and A. B. Tran and S. Chen}, 
    booktitle={2016 13th Working IEEE/IFIP Conference on Software Architecture (WICSA)}, 
    title={The Blockchain as a Software Connector}, 
    year={2016}, 
    volume={}, 
    number={}, 
    pages={182-191}, 
    keywords={data handling;distributed processing;software architecture;software quality;architectural decision;decentralized blockchain;decentralized data sharing;design trade-offs;distributed software architectures;quality attributes;software connector;transactional data sharing;untrusted participants;Australia;Connectors;Contracts;Cryptography;Online banking;Peer-to-peer computing;Software;Architecture connector;Blockchain;Design;Trade-off}, 
    doi={10.1109/WICSA.2016.21}, 
    ISSN={}, 
    month={April},
    note = {Accessed on April 16, 2018.}
}

@mastersthesis{lud2007,
  author		= {Ludimila Lima da Silva}, 
  title			= {The electricity generation sector in Brazil: the perception of regulatory and environmental risk},
  school		= {The George Washington University},
  year			= 2007,
  address		= {Washington, DC},
  month			= 12,
  howpublished	= {Available at \url{http://www.aneel.gov.br/trabalhos-academicos}},
  note			= {Accessed on April 9, 2018.}
}

@book{book:klein,
   title =     {Sources of Power: How People Make Decisions},
   author =    {Gary A. Klein},
   publisher = {The MIT Press},
   isbn =      {0262534290,9780262534291},
   year =      {2017},
   series =    {},
   edition =   {Reprint},
   volume =    {}}
   
@techreport{pwc2016,
  author       = {{PwC}},
  title        = {Blockchain – an opportunity for energy producers and consumers?},
  publisher    = {{PricewaterhouseCoopers (PwC)}},
  institution  = {PwC global power & utilities},
  year         = 2016,
  howpublished = {Available at \url{https://www.pwc.com/gx/en/industries/energy-utilities-resources/publications/opportunity-for-energy-producers.html}},
  note         = {Accessed on April 11, 2017.}
}

@techreport{wec2017,
  author       = {{World Energy Council} and {PricewaterhouseCoopers (PwC)}}, 
  title        = {The developing role of blockchain - White Paper},
  institution  = {World Energy Council},
  year         = 2017,
  version       = 1,
  address      = {London, United Kingdom},
  month        = 11,
  howpublished = {Available at \url{https://www.worldenergy.org/publications/2017/the-developing-role-of-blockchain/}},
  note         = {Accessed on February 9, 2018.}}

@techreport{don2017,
  author       = {Don Tapscott and Alex Tapscott}, 
  title        = {The blockchain corridor: Building an Innovation Economy in the 2nd Era of the Internet},
  institution  = {The Tapscott Group},
  year         = 2017,
  address      = {Canada},
  month        = 2,
  howpublished = {Available at \url{http://dontapscott.com/BlockchainCorridorReport.pdf}},
  note         = {Accessed on February 12, 2018.}
}

@techreport{sven2013,
  author       = {Sven Heiligtag and Thomas Poppensieker and Jens Wimschulte}, 
  title        = {Next-generation energy trading - An opportunity to optimize},
  institution  = {McKinsey & Company},
  year         = 2013,
  number	   = 47,
  month        = 5,
  howpublished = {Available at \url{https://www.mckinsey.com/business-functions/risk/our-insights/next-generation-energy-trading-an-opportunity-to-optimize}},
  note         = {McKinsey Working Papers on Risk. Accessed on January 31, 2018.}}
  
@article{MAGNASCO2016369,
title = "Data Services for Real Time Optimization of DC Nanogrids with Organic Growth",
journal = "Energy Procedia",
volume = "103",
pages = "369 - 374",
year = "2016",
note = "Renewable Energy Integration with Mini/Microgrid – Proceedings of REM2016",
issn = "1876-6102",
doi = "10.1016/j.egypro.2016.11.301",
author = "Annika Magnasco and Hannes Kirchhoff and Shahriar Chowdhury and Sebastian Groh",
}