@misc{Luke2013Metaheuristics,
    title = {{ Essentials of Metaheuristics}},
    year = {2013},
    author = {Luke, Sean},
    month = {6},
    url = {http://cs.gmu.edu/~sean/book/metaheuristics/}
}

@misc{ANEEL2001ABrasileiro,
    title = {{A ANEEL e o Modelo do Setor El{\'{e}}trico Brasileiro}},
    year = {2001},
    author = {{ANEEL}},
    month = {11},
    howpublished = {Dispon{\'{i}}vel em: http://www2.aneel.gov.br/arquivos/pdf/ElleryFNE.pdf}
}

@article{Zamo2014AProduction,
    title = {{A benchmark of statistical regression methods for short-term forecasting of photovoltaic electricity production. Part II: Probabilistic forecast of daily production }},
    year = {2014},
    journal = {Solar Energy },
    author = {Zamo, M and Mestre, O and Arbogast, P and Pannekoucke, O},
    number = {0},
    pages = {804 - 816},
    volume = {105},
    doi = {http://dx.doi.org/10.1016/j.solener.2014.03.026},
    issn = {0038-092X}
}

@article{Mengelkamp2018AMarkets,
    title = {{A blockchain-based smart grid: towards sustainable local energy markets}},
    year = {2018},
    journal = {Computer Science - Research and Development},
    author = {Mengelkamp, Esther and Notheisen, Benedikt and Beer, Carolin and Dauer, David and Weinhardt, Christof},
    number = {1},
    month = {11},
    pages = {207--214},
    volume = {33},
    url = {https://doi.org/10.1007/s00450-017-0360-9},
    doi = {10.1007/s00450-017-0360-9},
    issn = {1865-2042}
}

@article{Velik2014AMicrogrids,
    title = {{A cognitive decision agent architecture for optimal energy management of microgrids }},
    year = {2014},
    journal = {Energy Conversion and Management },
    author = {Velik, Rosemarie and Nicolay, Pascal},
    pages = {831 - 847},
    volume = {86},
    doi = {http://dx.doi.org/10.1016/j.enconman.2014.06.047},
    issn = {0196-8904}
}

@article{Choi2007AProblem,
    title = {{A column generation approach to the heterogeneous fleet vehicle routing problem}},
    year = {2007},
    journal = {Comput. Oper. Res.},
    author = {Choi, Eunjeong and Tcha, Dong-Wan},
    number = {7},
    month = {7},
    pages = {2080--2095},
    volume = {34},
    publisher = {Elsevier Science Ltd.},
    address = {Oxford, UK, UK},
    keywords = {Column generation, Fleet mix, Heterogeneous fleet vehicle routing problem, Vehicle routing}
}

@article{Coelho2016ACity,
    title = {{A communitarian microgrid storage planning system inside the scope of a smart city }},
    year = {2016},
    journal = {Applied Energy },
    author = {Coelho, Vitor N and Coelho, Igor M and Coelho, Bruno N and de Oliveira, Glauber C and Barbosa, Alexandre C and Pereira, Leo and de Freitas, Alan and Santos, Haroldo G and Ochi, Luis S and Guimar{\~{a}}es, Frederico G},
    number = {},
    pages = { - },
    volume = {},
    doi = {http://doi.org/10.1016/j.apenergy.2016.12.043},
    issn = {0306-2619}
}

@article{Trovao2015AVehicles,
    title = {{A comparative analysis of meta-heuristic methods for power management of a dual energy storage system for electric vehicles }},
    year = {2015},
    journal = {Energy Conversion and Management },
    author = {Trov{\~{a}}o, J P and Antunes, C H},
    pages = {281 - 296},
    volume = {95},
    doi = {http://dx.doi.org/10.1016/j.enconman.2015.02.030},
    issn = {0196-8904}
}

@inproceedings{Coelho2011AProblems,
    title = {{A Computational Framework for Combinatorial Optimization Problems}},
    year = {2011},
    booktitle = {VII ALIO/EURO Workshop on Applied Combinatorial Optimization},
    author = {Coelho, I M and Munhoz, P L A and Haddad, M N and Coelho, V N and Silva, M M and Souza, M.
        J. F and Ochi, L S},
    number = {},
    month = {11},
    pages = {51--54},
    series = {},
    publisher = {},
    address = {Porto}
}

@article{Wang2015APenetration,
    title = {{A coordinated dispatching strategy for wind power rapid ramp events in power systems with high wind power penetration }},
    year = {2015},
    journal = {International Journal of Electrical Power {\&} Energy Systems },
    author = {Wang, Songyan and Yu, Daren and Yu, Jilai},
    pages = {986 - 995},
    volume = {64},
    doi = {http://dx.doi.org/10.1016/j.ijepes.2014.08.019},
    issn = {0142-0615}
}

@article{Deb2002ANSGA-II,
    title = {{A fast and elitist multiobjective genetic algorithm: NSGA-II}},
    year = {2002},
    journal = {Evolutionary Computation, IEEE Transactions on},
    author = {Deb, K and Pratap, A and Agarwal, S and Meyarivan, T},
    number = {2},
    pages = {182--197},
    volume = {6},
    doi = {10.1109/4235.996017},
    issn = {1089-778X}
}

@article{Waste2016AWaste,
    title = {{A Future Without Waste?}},
    year = {2016},
    author = {Waste, Zero}
}

@article{Waste2016AWasteb,
    title = {{A Future Without Waste?}},
    year = {2016},
    author = {Waste, Zero}
}

@inproceedings{Coelho2010APuzzle,
    title = {{A General Variable Neighborhood Search approach for the resolution of the Eternity II Puzzle}},
    year = {2010},
    booktitle = {International Conference on Metaheuristics and Nature Inspired Computing (META'10)},
    author = {Coelho, I M and Coelho, B N and Coelho, V N and Haddad, M N and Souza, M J F and Ochi, L S},
    pages = {1--4},
    address = {Djerba Island, Tunisia.}
}

@inproceedings{Coelho2010APuzzleb,
    title = {{A General Variable Neighborhood Search approach for the resolution of the Eternity II Puzzle}},
    year = {2010},
    booktitle = {Proceedings of International Conference on Metaheuristics and Nature Inspired Computing (META'10)},
    author = {Coelho, I M and Coelho, B N and Coelho, V N and Haddad, M N and Souza, M J F and Ochi, L S},
    address = {Djerba Island, Tunisia}
}

@article{Essafi2008AProblem,
    title = {{A genetic local search algorithm for minimizing total weighted tardiness in the job-shop scheduling problem }},
    year = {2008},
    journal = {Computers {\&} Operations Research },
    author = {Essafi, Imen and Mati, Yazid and Dauz{\`{e}}re-P{\'{e}}r{\`{e}}s, Stéphane},
    number = {8},
    pages = {2599 - 2616},
    volume = {35},
    keywords = {Local search}
}

@article{Feo1994ASet,
    title = {{A greedy randomized adaptive search procedure for maximum independent set}},
    year = {1994},
    journal = {Operations Research},
    author = {Feo, T A and Resende, M G C and Smith, S H},
    pages = {860--878},
    volume = {42},
    publisher = {}
}

@inproceedings{Coelho2014AProblems,
    title = {{A heuristic fuzzy algorithm bio-inspired by Evolution Strategies for energy forecasting problems}},
    year = {2014},
    booktitle = {Fuzzy Systems (FUZZ-IEEE), 2014 IEEE International Conference on},
    author = {Coelho, V N and Guimaraes, F G and Reis, A J R and Coelho, I M and Coelho, B N and Souza, M J F},
    month = {7},
    pages = {338--345},
    doi = {10.1109/FUZZ-IEEE.2014.6891794}
}

@article{Eigenheer2009ATempos,
    title = {{A Hist{\'{o}}ria do Lixo: a limpeza urbana atrav{\'{e}}s dos tempos}},
    year = {2009},
    author = {Eigenheer, Emílio Maciel},
    pages = {144},
    url = {http://www.lixoeeducacao.uerj.br/imagens/pdf/ahistoriadolixo.pdf}
}

@article{Eigenheer2009ATemposb,
    title = {{A Hist{\'{o}}ria do Lixo: a limpeza urbana atrav{\'{e}}s dos tempos}},
    year = {2009},
    author = {Eigenheer, Emílio Maciel},
    pages = {144},
    url = {http://www.lixoeeducacao.uerj.br/imagens/pdf/ahistoriadolixo.pdf}
}

@article{Zhang2013AProblem,
    title = {{A hybrid artificial bee colony algorithm for the job shop scheduling problem }},
    year = {2013},
    journal = {International Journal of Production Economics },
    author = {Zhang, Rui and Song, Shiji and Wu, Cheng},
    number = {1},
    pages = {167 - 178},
    volume = {141}
}

@article{Coelho2016AForecasting,
    title = {{A hybrid deep learning forecasting model using GPU disaggregated function evaluations applied for Household Electricity Demand Forecasting}},
    year = {2016},
    journal = {Energy Procedia},
    author = {Coelho, Vitor N and Coelho, Igor M and Rios, Eyder and Filho, Alexandre S T and Reis, Agnaldo J R and Coelho, Bruno N and Alves, Alysson and Netto, Guilherme G and Souza, Marcone J F and Guimaraes, F G},
    pages = {1 - 6},
    volume = {0},
    issn = {1876-6102}
}

@article{Liu2014AMicro-grids,
    title = {{A hybrid forecasting model with parameter optimization for short-term load forecasting of micro-grids }},
    year = {2014},
    journal = {Applied Energy },
    author = {Liu, Nian and Tang, Qingfeng and Zhang, Jianhua and Fan, Wei and Liu, Jie},
    number = {0},
    pages = {336 - 345},
    volume = {129},
    issn = {0306-2619}
}

@article{Souza2010AProblem,
    title = {{A hybrid heuristic algorithm for the open-pit-mining operational planning problem}},
    year = {2010},
    journal = {European Journal of Operational Research, EJOR},
    author = {Souza, M J F and Coelho, I M and Ribas, S and Santos, H G and Merschmann, L H C},
    pages = {1041--1051},
    volume = {207}
}

@article{Coelho2012APickups,
    title = {{A hybrid heuristic based on General Variable Neighborhood Search for the Single Vehicle Routing Problem with{\\\}Deliveries and Selective Pickups }},
    year = {2012},
    journal = {Electronic Notes in Discrete Mathematics },
    author = {Coelho, I M and Munhoz, P L A and Haddad, M N and Souza, M J F and Ochi, L S},
    number = {0},
    pages = {99 - 106},
    volume = {39},
    keywords = {Hybrid Metaheuristics}
}

@article{Zacharia2013AProblem,
    title = {{A meta-heuristic algorithm for the fuzzy assembly line balancing type-E problem }},
    year = {2013},
    journal = {Computers {\&} Operations Research },
    author = {Zacharia, P.Th. and Nearchou, Andreas C},
    number = {12},
    pages = {3033 - 3044},
    volume = {40},
    issn = {0305-0548}
}

@article{Fossati2015AMicrogrids,
    title = {{A method for optimal sizing energy storage systems for microgrids }},
    year = {2015},
    journal = {Renewable Energy },
    author = {Fossati, Juan P and Galarza, Ainhoa and Mart{\'{i}}n-Villate, Ander and Font{\'{a}}n, Luis},
    number = {0},
    pages = {539 - 549},
    volume = {77},
    doi = {http://dx.doi.org/10.1016/j.renene.2014.12.039},
    issn = {0960-1481}
}

@article{Yang2013AProgramming,
    title = {{A new approach for predicting and collaborative evaluating the cutting force in face milling based on gene expression programming}},
    year = {2013},
    journal = {Journal of Network and Computer Applications},
    author = {Yang, Yang and Li, Xinyu and Gao, Liang and Shao, Xinyu},
    number = {0},
    pages = { - },
    volume = {},
    doi = {10.1016/j.jnca.2013.02.004},
    issn = {1084-8045}
}

@article{Hernandez2013ADuration,
    title = {{A new exact algorithm to solve the multi-trip vehicle routing problem with time windows and limited duration}},
    year = {2013},
    journal = {4OR},
    author = {Hernandez, F and Feillet, D and Giroudeau, R and Naud, O},
    pages = {1--25},
    volume = {},
    publisher = {Springer-Verlag},
    issn = {1619-4500},
    keywords = {Vehicle routing; Time windows; Multi-trip; Column Generation; Dynamic programming; Branch and Price; 90},
    language = {English}
}

@article{Kheldoun2016ASystems,
    title = {{A new Golden Section method-based maximum power point tracking algorithm for photovoltaic systems}},
    year = {2016},
    journal = {Energy Conversion and Management},
    author = {Kheldoun, A. and Bradai, R. and Boukenoui, R. and Mellit, A.},
    isbn = {0196-8904},
    doi = {10.1016/j.enconman.2015.12.039},
    issn = {01968904},
    keywords = {Golden-Section Optimization, Maximum power point tracking, Partial shading, Photovoltaic systems, Steady state oscillations}
}

@article{Kheldoun2016ASystemsb,
    title = {{A new Golden Section method-based maximum power point tracking algorithm for photovoltaic systems}},
    year = {2016},
    journal = {Energy Conversion and Management},
    author = {Kheldoun, A. and Bradai, R. and Boukenoui, R. and Mellit, A.},
    isbn = {0196-8904},
    doi = {10.1016/j.enconman.2015.12.039},
    issn = {01968904},
    keywords = {Golden-Section Optimization, Maximum power point tracking, Partial shading, Photovoltaic systems, Steady state oscillations}
}

@article{Salahshoor2013AInputs,
    title = {{A novel adaptive fuzzy predictive control for hybrid systems with mixed inputs}},
    year = {2013},
    journal = {Engineering Applications of Artificial Intelligence },
    author = {Salahshoor, Karim and Safari, Ehsan and Ahangari, Iraj},
    number = {5 - 6},
    pages = {1512 - 1531},
    volume = {26},
    doi = {10.1016/j.engappai.2013.02.003},
    issn = {0952-1976},
    keywords = {{\{}GA{\}}}
}

@article{Hou2016ASystems,
    title = {{A Novel Maximum Power Point Tracking Algorithm Based on Glowworm Swarm Optimization for Photovoltaic Systems}},
    year = {2016},
    author = {Hou, Wenhui and Jin, Yi and Zhu, Changan and Li, Guiqiang},
    volume = {2016},
    doi = {10.1155/2016/4910862},
    issn = {1687529X}
}

@article{Hou2016ASystemsb,
    title = {{A Novel Maximum Power Point Tracking Algorithm Based on Glowworm Swarm Optimization for Photovoltaic Systems}},
    year = {2016},
    author = {Hou, Wenhui and Jin, Yi and Zhu, Changan and Li, Guiqiang},
    volume = {2016},
    doi = {10.1155/2016/4910862},
    issn = {1687529X}
}

@article{Derrac2011AAlgorithms,
    title = {{A practical tutorial on the use of nonparametric statistical tests as a methodology for comparing evolutionary{\\\}and swarm intelligence algorithms }},
    year = {2011},
    journal = {Swarm and Evolutionary Computation },
    author = {Derrac, Joaquín and Garc{\'{i}}a, Salvador and Molina, Daniel and Herrera, Francisco},
    number = {1},
    pages = {3 - 18},
    volume = {1},
    doi = {10.1016/j.swevo.2011.02.002},
    issn = {2210-6502},
    keywords = {Swarm intelligence algorithms}
}

@article{Hemi2014AVehicle,
    title = {{A real time fuzzy logic power management strategy for a fuel cell vehicle }},
    year = {2014},
    journal = {Energy Conversion and Management },
    author = {Hemi, Hanane and Ghouili, Jamel and Cheriti, Ahmed},
    pages = {63 - 70},
    volume = {80},
    doi = {http://dx.doi.org/10.1016/j.enconman.2013.12.040},
    issn = {0196-8904}
}

@misc{Lima2006AEnergia,
    title = {{A Regula{\c{c}}{\~{a}}o por Contratos no Setor El{\'{e}}trico Brasileiro: O contrato de comercializa{\c{c}}{\~{a}}o de energia el{\'{e}}trica no ambiente regulado – CCEAR e os leilões de energia}},
    year = {2006},
    author = {Lima, Fabio Almeida},
    institution = {CENTRO UNIVERSIT{\'{A}}RIO DE BRAS{\'{I}}LIA - UNICEUB},
    address = {Bras{\'{i}}lia, Brasil}
}

@inproceedings{Colson2009AMicrogrids,
    title = {{A review of challenges to real-time power management of microgrids}},
    year = {2009},
    booktitle = {Power Energy Society General Meeting, 2009. PES '09. IEEE},
    author = {Colson, C M and Nehrir, M H},
    month = {7},
    pages = {1--8},
    doi = {10.1109/PES.2009.5275343}
}

@article{Khatib2016AEdition,
    title = {{A review of the IEA/NEA Projected Costs of Electricity – 2015 edition}},
    year = {2016},
    journal = {Energy Policy},
    author = {Khatib, Hisham},
    month = {1},
    pages = {229--233},
    volume = {88},
    publisher = {Elsevier},
    url = {https://www.sciencedirect.com/science/article/pii/S0301421515301579},
    doi = {10.1016/J.ENPOL.2015.10.030},
    issn = {0301-4215}
}

@article{Khatib2016AEditionb,
    title = {{A review of the IEA/NEA Projected Costs of Electricity – 2015 edition}},
    year = {2016},
    journal = {Energy Policy},
    author = {Khatib, Hisham},
    month = {1},
    pages = {229--233},
    volume = {88},
    publisher = {Elsevier},
    url = {https://www.sciencedirect.com/science/article/pii/S0301421515301579},
    doi = {10.1016/J.ENPOL.2015.10.030},
    issn = {0301-4215}
}

@article{Jiayi2008AMicroGrid,
    title = {{A review on distributed energy resources and MicroGrid }},
    year = {2008},
    journal = {Renewable and Sustainable Energy Reviews },
    author = {Jiayi, Huang and Chuanwen, Jiang and Rong, Xu},
    number = {9},
    pages = {2472 - 2483},
    volume = {12},
    doi = {http://dx.doi.org/10.1016/j.rser.2007.06.004},
    issn = {1364-0321}
}

@article{Jiayi2008AMicroGridb,
    title = {{A review on distributed energy resources and MicroGrid }},
    year = {2008},
    journal = {Renewable and Sustainable Energy Reviews },
    author = {Jiayi, Huang and Chuanwen, Jiang and Rong, Xu},
    number = {9},
    pages = {2472 - 2483},
    volume = {12},
    doi = {http://dx.doi.org/10.1016/j.rser.2007.06.004},
    issn = {1364-0321}
}

@article{Brito2012AProblem,
    title = {{A SA-VNS approach for the High School Timetabling Problem}},
    year = {2012},
    journal = {Electronic Notes in Discrete Mathematics},
    author = {Brito, Samuel S and Fonseca, George H G and Toffolo, Tulio A M and Santos, Haroldo G and Souza, Marcone J F},
    number = {0},
    pages = {169 - 176},
    volume = {39},
    keywords = {Third International Timetabling Competition}
}

@article{Coelho2016AEnvironment,
    title = {{A self-adaptive evolutionary fuzzy model for load forecasting problems on smart grid environment }},
    year = {2016},
    journal = {Applied Energy },
    author = {Coelho, Vitor N and Coelho, Igor M and Coelho, Bruno N and Reis, Agnaldo J R and Enayatifar, Rasul and Souza, Marcone J F and Guimaraes, Frederico G},
    pages = {567 - 584},
    volume = {169},
    doi = {http://dx.doi.org/10.1016/j.apenergy.2016.02.045},
    issn = {0306-2619}
}

@article{Coelho2016AProblem,
    title = {{A smart pool search matheuristic for solving a multi-objective microgrid storage planning problem}},
    year = {2016},
    journal = {Energy Procedia},
    author = {Coelho, Vitor N and Coelho, Igor M and Coelho, Bruno N and Souza, Marcone J F and Gambini, H and Mladenovic, N and Guimaraes, F G},
    pages = {1 - 6},
    volume = {0},
    issn = {1876-6102}
}

@article{Liefooghe2011AParadisEO-MOEO,
    title = {{A software framework based on a conceptual unified model for evolutionary multiobjective optimization:{\\\}ParadisEO-MOEO }},
    year = {2011},
    journal = {European Journal of Operational Research },
    author = {Liefooghe, Arnaud and Jourdan, Laetitia and Talbi, El-Ghazali},
    number = {2},
    pages = {104 - 112},
    volume = {209},
    keywords = {Software framework}
}

@article{Taillard1997AWindows,
    title = {{A Tabu Search Heuristic for the Vehicle Routing Problem with Soft Time Windows}},
    year = {1997},
    journal = {Transportation Science},
    author = {Taillard, Eric and Badeau, Philippe and Gendreau, Michel and Guertin, Francois and Potvin, Jean-Yves},
    number = {2},
    month = {5},
    pages = {170--186},
    volume = {31},
    doi = {10.1287/trsc.31.2.170}
}

@article{Shetty1997ACities,
    title = {{A tale of smart cities}},
    year = {1997},
    journal = {Communications International (London)},
    author = {Shetty, V},
    number = {8},
    pages = {16},
    volume = {24}
}

@article{Baldacci2009AProblems,
    title = {{A unified exact method for solving different classes of{\\\}vehicle routing problems}},
    year = {2009},
    journal = {Math. Program.},
    author = {Baldacci, Roberto and Mingozzi, Aristide},
    number = {2},
    pages = {347--380},
    volume = {120}
}

@article{Mladenovic1997ASearch,
    title = {{A Variable Neighborhood Search}},
    year = {1997},
    journal = {Computers and Operations Research},
    author = {Mladenovic, N and Hansen, P},
    pages = {1097--1100},
    volume = {24}
}

@article{Delarue2008AdaptiveForecasting,
    title = {{Adaptive mixed-integer programming unit commitment strategy for determining the value of forecasting }},
    year = {2008},
    journal = {Applied Energy },
    author = {Delarue, Erik and D'haeseleer, William},
    number = {4},
    pages = {171 - 181},
    volume = {85},
    doi = {http://dx.doi.org/10.1016/j.apenergy.2007.07.007},
    issn = {0306 - 2619},
    keywords = {Forecasting}
}

@article{Tan2013AdvancesMicrogrid,
    title = {{Advances and trends of energy storage technology in Microgrid }},
    year = {2013},
    journal = {International Journal of Electrical Power {\&} Energy Systems },
    author = {Tan, Xingguo and Li, Qingmin and Wang, Hui},
    number = {1},
    pages = {179 - 191},
    volume = {44},
    doi = {http://dx.doi.org/10.1016/j.ijepes.2012.07.015},
    issn = {0142-0615}
}

@article{deFreitas2015AggregationOptimization,
    title = {{Aggregation Trees for visualization and dimension reduction in many-objective optimization }},
    year = {2015},
    journal = {Information Sciences },
    author = {de Freitas, Alan R R and Fleming, Peter J and Guimar{\~{a}}es, Frederico G},
    number = {0},
    pages = {288 - 314},
    volume = {298},
    doi = {http://dx.doi.org/10.1016/j.ins.2014.11.044},
    issn = {0020-0255}
}

@article{Tascikaraoglu2014AnUnits,
    title = {{An adaptive load dispatching and forecasting strategy for a virtual power plant including renewable energy conversion units }},
    year = {2014},
    journal = {Applied Energy },
    author = {Tascikaraoglu, A and Erdinc, O and Uzunoglu, M and Karakas, A},
    pages = {445 - 453},
    volume = {119},
    doi = {http://dx.doi.org/10.1016/j.apenergy.2014.01.020},
    issn = {0306-2619}
}

@article{PerpinaCastillo2016AnEU-28,
    title = {{An assessment of the regional potential for solar power generation in EU-28}},
    year = {2016},
    journal = {Energy Policy},
    author = {Perpi{\~{n}}a Castillo, Carolina and Batista e Silva, Filipe and Lavalle, Carlo},
    month = {1},
    pages = {86--99},
    volume = {88},
    publisher = {Elsevier},
    url = {https://www.sciencedirect.com/science/article/pii/S0301421515301324},
    doi = {10.1016/J.ENPOL.2015.10.004},
    issn = {0301-4215}
}

@article{PerpinaCastillo2016AnEU-28b,
    title = {{An assessment of the regional potential for solar power generation in EU-28}},
    year = {2016},
    journal = {Energy Policy},
    author = {Perpi{\~{n}}a Castillo, Carolina and Batista e Silva, Filipe and Lavalle, Carlo},
    month = {1},
    pages = {86--99},
    volume = {88},
    publisher = {Elsevier},
    url = {https://www.sciencedirect.com/science/article/pii/S0301421515301324},
    doi = {10.1016/J.ENPOL.2015.10.004},
    issn = {0301-4215}
}

@article{Land1960AnProblems,
    title = {{An automatic method of solving discrete programming problems}},
    year = {1960},
    journal = {Econometrica: Journal of the Econometric Society},
    author = {Land, Ailsa H and Doig, Alison G},
    pages = {497--520},
    publisher = {JSTOR}
}

@article{Niknam2012AnOperation,
    title = {{An efficient scenario-based stochastic programming framework for multi-objective optimal micro-grid operation }},
    year = {2012},
    journal = {Applied Energy },
    author = {Niknam, Taher and Azizipanah-Abarghooee, Rasoul and Narimani, Mohammad Rasoul},
    number = {0},
    pages = {455 - 470},
    volume = {99},
    issn = {0306-2619}
}

@inproceedings{Ochi1998AnFleet,
    title = {{An Evolutionary Hybrid Metaheuristic for Solving the Vehicle{\\\}Routing Problem with Heterogeneous Fleet}},
    year = {1998},
    booktitle = {EuroGP},
    author = {Ochi, Luiz Satoru and Vianna, Dalessandro Soares and de A. Drummond, Lúcia Maria and Victor, André O},
    pages = {187--195}
}

@article{Coelho2016AnConstraints,
    title = {{An ILS-based algorithm to solve a large-scale real heterogeneous fleet VRP with multi-trips and docking constraints }},
    year = {2016},
    journal = {European Journal of Operational Research },
    author = {Coelho, V N and Grasas, A and Ramalhinho, H and Coelho, I M and Souza, M J F and Cruz, R C},
    number = {2},
    pages = {367 - 376},
    volume = {250},
    doi = {http://dx.doi.org/10.1016/j.ejor.2015.09.047},
    issn = {0377-2217}
}

@article{Yang2010AnProblem,
    title = {{An improved ant colony optimization algorithm for solving a complex combinatorial optimization problem }},
    year = {2010},
    journal = {Applied Soft Computing },
    author = {Yang, Jingan and Zhuang, Yanbin},
    number = {2},
    pages = {653 - 660},
    volume = {10}
}

@article{Qu2017AnOptions,
    title = {{An improved approach to evaluate car sharing options }},
    year = {2017},
    journal = {Ecological Indicators },
    author = {Qu, Min and Yu, Suihuai and Yu, Mingjiu},
    pages = {686 - 702},
    volume = {72},
    doi = {http://dx.doi.org/10.1016/j.ecolind.2016.07.018},
    issn = {1470-160X}
}

@article{Koltsaklis2015AnResponse,
    title = {{An integrated stochastic multi-regional long-term energy planning model incorporating autonomous power systems and demand response }},
    year = {2015},
    journal = {Energy },
    author = {Koltsaklis, Nikolaos E and Liu, Pei and Georgiadis, Michael C},
    number = {0},
    pages = {865 - 888},
    volume = {82},
    doi = {http://dx.doi.org/10.1016/j.energy.2015.01.097},
    issn = {0360-5442}
}

@article{Penna2013AnProblem,
    title = {{An Iterated Local Search heuristic for the Heterogeneous Fleet Vehicle Routing Problem}},
    year = {2013},
    journal = {Journal of Heuristics},
    author = {Penna, PucaHuachiVaz and Subramanian, Anand and Ochi, LuizSatoru},
    number = {2},
    pages = {201--232},
    volume = {19},
    publisher = {Springer US},
    issn = {1381-1231},
    keywords = {Heterogeneous Fleet Vehicle Routing Problem; Fleet size and mix; Metaheuristic; Iterated Local Search},
    language = {English}
}

@book{Lima2009AnalysisCourse,
    title = {{Analysis course}},
    year = {2009},
    author = {Lima, Elon Lages},
    volume = {1},
    publisher = {Euclides project},
    address = {Rio de Janeiro: Association National Institute of Pure and Applied Mathematics}
}

@inproceedings{Colson2009AntManagement,
    title = {{Ant colony optimization for microgrid multi-objective power management}},
    year = {2009},
    booktitle = {Power Systems Conference and Exposition, 2009. PSCE'09. IEEE/PES},
    author = {Colson, C M and Nehrir, M H and Wang, C},
    pages = {1--7}
}

@article{Blum2005AntTrends,
    title = {{Ant colony optimization: Introduction and recent trends }},
    year = {2005},
    journal = {Physics of Life Reviews },
    author = {Blum, Christian},
    number = {4},
    pages = {353 - 373},
    volume = {2}
}

@article{Borges2015AnuarioEstatistico,
    title = {{Anu{\'{a}}rio estat{\'{i}}stico}},
    year = {2015},
    author = {Borges, Emanuel and Silva, António},
    url = {www.mesci.gov.cv},
    isbn = {9789898755148}
}

@article{Borges2015AnuarioEstatisticob,
    title = {{Anu{\'{a}}rio estat{\'{i}}stico}},
    year = {2015},
    author = {Borges, Emanuel and Silva, António},
    url = {www.mesci.gov.cv},
    isbn = {9789898755148}
}

@article{Teixid2010AprenderAprender,
    title = {{Aprender a aprender}},
    year = {2010},
    author = {Teixid, Joan and Cb, Xarxa and Jordi, Cuando and Catalana, Revista and Catalana, Societat and Cb, Xarxa and Cb, Xarxa},
    pages = {1--29}
}

@article{Teixid2010AprenderAprenderb,
    title = {{Aprender a aprender}},
    year = {2010},
    author = {Teixid, Joan and Cb, Xarxa and Jordi, Cuando and Catalana, Revista and Catalana, Societat and Cb, Xarxa and Cb, Xarxa},
    pages = {1--29}
}

@article{Ramalho2017AssessingFactors,
    title = {{Assessing energy policies drivers of the deployment of distribution generation: A review of influencing factors}},
    year = {2017},
    journal = {3rd International Conference on Energy and Environment: bringing together Engineering and Economics},
    author = {Ramalho, Max Staib and C{\^{a}}mara, Lorrane and S{\'{i}}lva, Patrícia P and Pereira, Guillermo and Dantas, Guilherme},
    month = {6},
    url = {https://goo.gl/EaLzYs},
    keywords = {Distributed Generation, Photovoltaics, Public Policy}
}

@article{Grosman2002AutomatedProgramming,
    title = {{Automated nonlinear model predictive control using genetic programming}},
    year = {2002},
    journal = {Computers {\&} Chemical Engineering},
    author = {Grosman, Benyamin and Lewin, Daniel R},
    number = {4 - 5},
    pages = {631 - 640},
    volume = {26},
    doi = {10.1016/S0098-1354(01)00780-3},
    issn = {0098-1354},
    keywords = {Nonlinear model predictive control}
}

@article{Civicioglu2013BacktrackingProblems,
    title = {{Backtracking Search Optimization Algorithm for numerical optimization problems }},
    year = {2013},
    journal = {Applied Mathematics and Computation },
    author = {Civicioglu, Pinar},
    number = {15},
    pages = {8121 - 8144},
    volume = {219},
    doi = {10.1016/j.amc.2013.02.017},
    issn = {0096-3003}
}

@misc{ANEEL2017BancoEletrica,
    title = {{Banco de Informa{\c{c}}ões de Gera{\c{c}}{\~{a}}o: Matriz de Energia El{\'{e}}trica}},
    year = {2017},
    author = {{ANEEL}},
    howpublished = {Dispon{\'{i}}vel em: www2.aneel.gov.br/aplicacoes/capacidadebrasil/capacidadebrasil.cfm}
}

@misc{ANEEL2017BandeirasTarifarias,
    title = {{Bandeiras Tarif{\'{a}}rias}},
    year = {2017},
    author = {ANEEL, Superintendência de Gestão Tarifária (SGT)},
    month = {3},
    howpublished = {Dispon{\'{i}}vel em: http://www.aneel.gov.br/bandeiras-tarifarias}
}

@article{Khaligh2010BatteryArt,
    title = {{Battery, Ultracapacitor, Fuel Cell, and Hybrid Energy Storage Systems for Electric, Hybrid Electric, Fuel Cell, and Plug-In Hybrid Electric Vehicles: State of the Art}},
    year = {2010},
    journal = {IEEE Transactions on Vehicular Technology},
    author = {Khaligh, A and Li, Z},
    number = {6},
    month = {7},
    pages = {2806--2814},
    volume = {59},
    doi = {10.1109/TVT.2010.2047877},
    issn = {0018-9545}
}

@misc{InstitutoIDEAL2017BeneficiosSolar,
    title = {{Benef{\'{i}}cios e Custos da Energia Solar}},
    year = {2017},
    author = {Instituto IDEAL, América do Sol},
    howpublished = {Dispon{\'{i}}vel em: http://americadosol.org/beneficios-e-custos-da-energia-solar/}
}

@article{Darker2016BetweenStartup,
    title = {{Between Art and Business : A Musician As A Startup}},
    year = {2016},
    author = {Darker, By Tommy and Beyond, Think and Band, The},
    pages = {11--13}
}

@article{Darker2016BetweenStartupb,
    title = {{Between Art and Business : A Musician As A Startup}},
    year = {2016},
    author = {Darker, By Tommy and Beyond, Think and Band, The},
    pages = {11--13}
}

@unpublished{Nakamoto2009Bitcoin:System,
    title = {{Bitcoin: A Peer-to-Peer Electronic Cash System}},
    year = {2009},
    author = {Nakamoto, Satoshi},
    howpublished = {Available at: https://bitcoin.org/en/bitcoin-paper}
}

@article{Singh2017BlockchainTrust,
    title = {{Blockchain As a Service: Providers and Trust}},
    year = {2017},
    author = {Singh, Jatinder and Michels, Johan David},
    number = {269/2017},
    month = {11},
    howpublished = {Available at: https://ssrn.com/abstract=3091223},
    institution = {Queen Mary School of Law Legal Studies Research}
}

@misc{Radu2015BlockchainGovernanca,
    title = {{Blockchain e o futuro da Governan{\c{c}}a}},
    year = {2015},
    author = {Radu, Roxana and Aleixo, Gabriel},
    month = {11},
    howpublished = {Dispon{\'{i}}vel em: https://goo.gl/5ZT2Uf}
}

@misc{Foundation2017BlockchainTechnologies,
    title = {{Blockchain for Business - An Introduction to Hyperledger Technologies}},
    year = {2017},
    author = {Foundation, The Linux},
    url = {https://www.edx.org/course/blockchain-business-introduction-linuxfoundationx-lfs171x}
}

@misc{LinuxFoundation2017BlockchainTechnologies,
    title = {{Blockchain for Business - An Introduction to Hyperledger Technologies}},
    year = {2017},
    author = {{Linux Foundation}},
    month = {11},
    howpublished = {Available at: https://www.edx.org/course/blockchain-business-introduction-linuxfoundationx-lfs171x},
    institution = {LinuxFoundationX}
}

@article{Peck2017BLOCKCHAINReport,
    title = {{BLOCKCHAIN WORLD - Special Report}},
    year = {2017},
    journal = {IEEE Spectrum International},
    author = {Peck, Morgen E},
    month = {11},
    howpublished = {Available at: https://spectrum.ieee.org/magazine/2017/October},
    issn = {0018-9235}
}

@techreport{PricewaterhouseCoopersPwC2016BlockchainConsumers,
    title = {{Blockchain – an opportunity for energy producers and consumers?}},
    year = {2016},
    author = {{PricewaterhouseCoopers (PwC)}},
    howpublished = {Available at https://www.pwc.com/gx/en/industries/energy-utilities-resources/publications/opportunity-for-energy-producers.html},
    institution = {PwC global power {\&} utilities}
}

@misc{Rio2017Blockchain:Aplicacoes,
    title = {{Blockchain: a tecnologia e suas aplica{\c{c}}ões}},
    year = {2017},
    author = {Rio, I T S},
    howpublished = {Dispon{\'{i}}vel em: https://itsrio.org/pt/cursos/blockchain-a-tecnologia-e-suas-aplicacoes/}
}

@book{Swan2015Blockchain:Economy,
    title = {{Blockchain: Blueprint for a New Economy}},
    year = {2015},
    booktitle = {O’Reilly Media, Inc., 1005 Gravenstein Highway North, Sebastopol, CA 95472.},
    author = {Swan, Melanie},
    isbn = {978-1-4919-2044-2},
    doi = {10.1017/CBO9781107415324.004},
    issn = {1098-6596},
    pmid = {25246403},
    arxivId = {arXiv:1011.1669v3},
    keywords = {bitcoin, blockchain}
}

@book{Swan2015Blockchain:Economyb,
    title = {{Blockchain: Blueprint for a New Economy}},
    year = {2015},
    author = {Swan, Melanie},
    publisher = {O'Reilly Media},
    isbn = {9781491920473}
}

@book{Swan2015Blockchain:Economyc,
    title = {{Blockchain: Blueprint for a New Economy}},
    year = {2015},
    booktitle = {O’Reilly Media, Inc., 1005 Gravenstein Highway North, Sebastopol, CA 95472.},
    author = {Swan, Melanie},
    isbn = {978-1-4919-2044-2},
    doi = {10.1017/CBO9781107415324.004},
    issn = {1098-6596},
    pmid = {25246403},
    arxivId = {arXiv:1011.1669v3},
    keywords = {bitcoin, blockchain}
}

@misc{Endeavor2015Blockchain:Virtuais,
    title = {{Blockchain: conhe{\c{c}}a a tecnologia por tr{\'{a}}s da revolu{\c{c}}{\~{a}}o das moedas virtuais}},
    year = {2015},
    author = {{Endeavor}},
    month = {11},
    howpublished = {Dispon{\'{i}}vel em: https://endeavor.org.br/blockchain/}
}

@misc{Kandaswamy2016Blockchain:Market,
    title = {{Blockchain: How Real Is The Market?}},
    year = {2016},
    author = {Kandaswamy, Rajesh},
    howpublished = {Dispon{\'{i}}vel em: https://www.gartner.com/webinar/3607520}
}

@misc{BrooklynEnergy,
    title = {{Brooklyn Microgrid Project - LO3 Energy}},
    url = {https://www.brooklyn.energy/}
}

@misc{CCEE2017CamaraFontes,
    title = {{C{\^{a}}mara de Comercializa{\c{c}}{\~{a}}o de Energia El{\'{e}}trica: Fontes}},
    year = {2017},
    author = {{CCEE}},
    howpublished = {Dispon{\'{i}}vel em: www.ccee.org.br/portal/faces/pages{\_}publico/onde-atuamos/fontes?{\_}adf.ctrl-state=vffa9v100{\_}14{\&}{\_}afrLoop=168423410578607}
}

@article{Kiyosaki2017CapitalismoManipulacao,
    title = {{Capitalismo Consciente como rem{\'{e}}dio para a gan{\^{a}}ncia e a manipula{\c{c}}{\~{a}}o}},
    year = {2017},
    author = {Kiyosaki, De Robert},
    pages = {2--3}
}

@article{Kiyosaki2017CapitalismoManipulacaob,
    title = {{Capitalismo Consciente como rem{\'{e}}dio para a gan{\^{a}}ncia e a manipula{\c{c}}{\~{a}}o}},
    year = {2017},
    author = {Kiyosaki, De Robert},
    pages = {2--3}
}

@article{Groote2016CarAmsterdam,
    title = {{Car ownership and residential parking subsidies: Evidence from Amsterdam }},
    year = {2016},
    journal = {Economics of Transportation },
    author = {Groote, Jesper De and Ommeren, Jos Van and Koster, Hans R A},
    number = {},
    pages = {25 - 37},
    volume = {6},
    doi = {http://dx.doi.org/10.1016/j.ecotra.2016.07.001},
    issn = {2212-0122}
}

@article{Renne2009ChallengeIssues,
    title = {{Challenge of evacuating the carless in five major US cities: identifying the key issues}},
    year = {2009},
    journal = {Transportation Research Record: Journal of the Transportation Research Board},
    author = {Renne, John and Sanchez, Thomas and Jenkins, Pam and Peterson, Robert},
    number = {2119},
    pages = {36--44},
    publisher = {Transportation Research Board of the National Academies}
}

@inproceedings{Rogers2012ChallengesResearch,
    title = {{Challenges for autonomous agents and multi-agent systems research}},
    year = {2012},
    booktitle = {Twenty-Sixth AAAI Conference on Artificial Intelligence{\\\}(AAAI-12)},
    author = {Rogers, A and Ramchurn, S D and Jennings, N R},
    pages = {2166--2172},
    address = {Toronto, CA}
}

@incollection{2009ChapterSystems,
    title = {{Chapter 1 - Current and Future Challenges for Production Planning Systems}},
    year = {2009},
    booktitle = {Optimization in Energy Industry},
    editor = {Kallrath, Josef and Pardalos, Panos M and Rebennack, Steffen and Scheidt, Max},
    number = {},
    series = {Energy Systems},
    volume = {},
    publisher = {Springer},
    isbn = {ISBN 978-3-540-88965-6}
}

@incollection{Krishnan2013ChapterData,
    title = {{Chapter 1 - Introduction to Big Data }},
    year = {2013},
    booktitle = {Data Warehousing in the Age of Big Data },
    author = {Krishnan, Krish},
    edition = {},
    pages = {3 - 14},
    publisher = {Morgan Kaufmann},
    address = {Boston},
    isbn = {978-0-12-405891-0},
    doi = {10.1016/B978-0-12-405891-0.00001-5},
    keywords = {machine data}
}

@incollection{Gellings2009ChapterGrid,
    title = {{Chapter 1 - What is the Smart Grid}},
    year = {2009},
    booktitle = {The Smart Grid: Enabling Energy Efficiency and Demand Response},
    author = {Gellings, Clark W},
    edition = {},
    number = {},
    month = {11},
    volume = {},
    publisher = {The Fairmont Press},
    address = {},
    isbn = {ISBN 0-88173-624-4}
}

@incollection{Gellings2009ChapterGridb,
    title = {{Chapter 1 - What is the Smart Grid}},
    year = {2009},
    booktitle = {The Smart Grid: Enabling Energy Efficiency and Demand Response},
    author = {Gellings, Clark W},
    edition = {},
    number = {},
    month = {11},
    volume = {},
    publisher = {The Fairmont Press},
    address = {},
    isbn = {ISBN 0-88173-624-4}
}

@misc{Hundt2014ChapterPlatform,
    title = {{Chapter 10 Green Coins: Using Digital Currency to Build the New Power Platform}},
    year = {2014},
    author = {Hundt, Reed E and Schub, Jeffrey and Schottenfeld, Joseph R},
    howpublished = {Dispon{\'{i}}vel em: https://idcubed.org/chapter-10-green-coins-using-digital-currency-build-new-power-platform/}
}

@incollection{Monache2014ChapterPowerPredictions,
    title = {{Chapter 12 - Probabilistic Wind and Solar PowerPredictions }},
    year = {2014},
    booktitle = {Renewable Energy Integration },
    author = {Monache, Luca Delle and Alessandrini, Stefano},
    editor = {Jones, Lawrence E},
    edition = {},
    pages = {149 - 158},
    publisher = {Academic Press},
    address = {Boston},
    isbn = {978-0-12-407910-6},
    doi = {http://dx.doi.org/10.1016/B978-0-12-407910-6.00012-0}
}

@incollection{Fusheng2016ChapterMicrogrid,
    title = {{Chapter 6 – Monitoring and energy management of the microgrid }},
    year = {2016},
    booktitle = {Microgrid Technology and Engineering Application },
    author = {Fusheng, Li and Ruisheng, Li and Fengquan, Zhou},
    editor = {Fengquan, Li FushengLi RuishengZhou},
    pages = {91 - 113},
    publisher = {Academic Press},
    address = {Oxford},
    isbn = {978-0-12-803598-6},
    doi = {http://dx.doi.org/10.1016/B978-0-12-803598-6.00006-1}
}

@article{Shuai2016ChargingApproaches,
    title = {{Charging Electric Vehicles in the Smart City: A Survey of Economy-Driven Approaches}},
    year = {2016},
    journal = {IEEE Transactions on Intelligent Transportation Systems},
    author = {Shuai, W and Maill{\'{e}}, P and Pelov, A},
    number = {8},
    month = {8},
    pages = {2089--2106},
    volume = {17},
    doi = {10.1109/TITS.2016.2519499},
    issn = {1524-9050}
}

@article{Systems2017ChoicesTomorrow,
    title = {{Choices Regarding Designs Today Will Impact Our Shared Future Tomorrow}},
    year = {2017},
    author = {Systems, Autonomous},
    number = {December 2016},
    pages = {3--4}
}

@article{Systems2017ChoicesTomorrowb,
    title = {{Choices Regarding Designs Today Will Impact Our Shared Future Tomorrow}},
    year = {2017},
    author = {Systems, Autonomous},
    number = {December 2016},
    pages = {3--4}
}

@techreport{Caldwell2017CitiesFuture,
    title = {{Cities of the future}},
    year = {2017},
    author = {Caldwell, Brian},
    url = {https://uwaterloo.ca/magazine/spring-2017/feature/cities-future},
    institution = {University of Waterloo}
}

@article{Green2017CitizenParadigm,
    title = {{Citizen utilities: The emerging power paradigm}},
    year = {2017},
    journal = {Energy Policy},
    author = {Green, Jemma and Newman, Peter},
    month = {6},
    pages = {283--293},
    volume = {105},
    publisher = {Elsevier},
    url = {https://www.sciencedirect.com/science/article/pii/S0301421517300800},
    doi = {10.1016/J.ENPOL.2017.02.004},
    issn = {0301-4215}
}

@article{Heymann2006CollaborativeSystems,
    title = {{Collaborative Creation of Communal Hierarchical Taxonomies in Social Tagging Systems}},
    year = {2006},
    journal = {Stanford InfoLab Technical Report},
    author = {Heymann, Paul and Garcia-Molina, Hector},
    pages = {1--5},
    volume = {10},
    url = {http://ilpubs.stanford.edu:8090/775/}
}

@article{Heymann2006CollaborativeSystemsb,
    title = {{Collaborative Creation of Communal Hierarchical Taxonomies in Social Tagging Systems}},
    year = {2006},
    journal = {Stanford InfoLab Technical Report},
    author = {Heymann, Paul and Garcia-Molina, Hector},
    pages = {1--5},
    volume = {10},
    url = {http://ilpubs.stanford.edu:8090/775/}
}

@article{Sousa2011CombinedPlanning,
    title = {{Combined heuristic with fuzzy system to transmission system expansion planning }},
    year = {2011},
    journal = {Electric Power Systems Research },
    author = {Sousa, Aldir Silva and Asada, Eduardo N},
    number = {1},
    pages = {123 - 128},
    volume = {81},
    issn = {0378-7796},
    keywords = {Fuzzy decision making}
}

@misc{CCEE2017Comercializacao,
    title = {{Comercializa{\c{c}}{\~{a}}o}},
    year = {2017},
    author = {{CCEE}},
    howpublished = {Dispon{\'{i}}vel em: www.ccee.org.br/portal/faces/pages{\_}publico/onde-atuamos/comercializacao?{\_}adf.ctrl-state=vffa9v100{\_}14{\&}{\_}afrLoop=168612157417897}
}

@phdthesis{Magalhaes2009ComercializacaoEletrica,
    title = {{Comercializa{\c{c}}{\~{a}}o de energia el{\'{e}}trica no ambiente de contrata{\c{c}}{\~{a}}o livre: uma an{\'{a}}lise regulat{\'{o}}rio-institucional a partir dos contratos de compra e venda de energia el{\'{e}}trica}},
    year = {2009},
    author = {Magalh{\~{a}}es, Gerusa de Souza Côrtes},
    howpublished = {Dispon{\'{i}}vel em: http://www.teses.usp.br/teses/disponiveis/86/86131/tde-09062011-152105/pt-br.php},
    school = {Universidade de S{\~{a}}o Paulo (USP)},
    address = {S{\~{a}}o Paulo}
}

@misc{CCEE2017ComoCCEE,
    title = {{Como se dividem – Categoria de Agentes da CCEE}},
    year = {2017},
    author = {{CCEE}},
    howpublished = {Dispon{\'{i}}vel em: https://www.ccee.org.br/portal/faces/pages{\_}publico/quem-participa/como{\_}se{\_}dividem?{\_}adf.ctrl-state=fqtwb5ka4{\_}4{\&}{\_}afrLoop=80021925404020}
}

@misc{Lemos2017ComoPublico,
    title = {{Como usar a Blockchain para promover o interesse p{\'{u}}blico?}},
    year = {2017},
    author = {Lemos, Ronaldo},
    month = {11},
    howpublished = {Dispon{\'{i}}vel em: https://goo.gl/AsUXPj}
}

@book{Peterson2011ComputerApproach,
    title = {{Computer Networks: A Systems Approach}},
    year = {2011},
    author = {Peterson, Larry L and Davie, Bruce S},
    edition = {5},
    series = {},
    volume = {},
    publisher = {Elsevier},
    isbn = {0123850592,9780123850591}
}

@book{Peterson2011ComputerApproachb,
    title = {{Computer Networks: A Systems Approach}},
    year = {2011},
    author = {Peterson, Larry L and Davie, Bruce S},
    edition = {5},
    series = {},
    volume = {},
    publisher = {Elsevier},
    isbn = {0123850592,9780123850591}
}

@article{Chow2015ConditionalRatios,
    title = {{Conditional Sharpe Ratios }},
    year = {2015},
    journal = {Finance Research Letters },
    author = {Chow, Victor and Lai, Christine W},
    number = {0},
    pages = {117 - 133},
    volume = {12},
    doi = {http://dx.doi.org/10.1016/j.frl.2014.11.001},
    issn = {1544-6123}
}

@article{Aghaei2016ContributionManagement,
    title = {{Contribution of Plug-in Hybrid Electric Vehicles in power system uncertainty management }},
    year = {2016},
    journal = {Renewable and Sustainable Energy Reviews },
    author = {Aghaei, Jamshid and Nezhad, Ali Esmaeel and Rabiee, Abdorreza and Rahimi, Ehsan},
    pages = {450 - 458},
    volume = {59},
    doi = {http://dx.doi.org/10.1016/j.rser.2015.12.207},
    issn = {1364-0321}
}

@article{Qaurooni2013CourseOperators,
    title = {{Course timetabling using evolutionary operators }},
    year = {2013},
    journal = {Applied Soft Computing },
    author = {Qaurooni, Danial and Akbarzadeh-T, Mohammad-R.},
    number = {5},
    pages = {2504 - 2514},
    volume = {13},
    keywords = {Grouping genetic algorithms}
}

@article{CSTSmarter,
    title = {{CST STUDIO SUITE 2017 Design Smarter}}
}

@article{CSTSmarterb,
    title = {{CST STUDIO SUITE 2017 Design Smarter}}
}

@article{Foley2012CurrentGeneration,
    title = {{Current methods and advances in forecasting of wind power generation }},
    year = {2012},
    journal = {Renewable Energy },
    author = {Foley, Aoife M and Leahy, Paul G and Marvuglia, Antonino and McKeogh, Eamon J},
    number = {1},
    pages = {1 - 8},
    volume = {37},
    issn = {0960-1481}
}

@article{Li2014Current-inducedElectrodes,
    title = {{Current-induced transition from particle-by-particle to concurrent intercalation in phase-separating battery electrodes}},
    year = {2014},
    journal = {Nat Mater},
    author = {Li, Yiyang and El Gabaly, Farid and Ferguson, Todd R and Smith, Raymond B and Bartelt Norman C.{\\\}and Sugar, Joshua D and Fenton, Kyle R and Cogswell, Daniel A and Kilcoyne, A L David and Tyliszczak Tolek{\\\}and Bazant, Martin Z and Chueh, William C},
    number = {12},
    month = {12},
    pages = {1149--1156},
    volume = {13},
    publisher = {Nature Publishing Group},
    doi = {http://dx.doi.org/10.1038/nmat4084},
    issn = {1476-1122}
}

@book{Lima2009CursoAnalise,
    title = {{Curso de an{\'{a}}lise}},
    year = {2009},
    author = {Lima, Elon Lages},
    number = {12},
    volume = {1},
    publisher = {Projeto Euclides},
    address = {Rio de Janeiro: Associa{\c{c}}{\~{a}}o Instituto Nacional de Matem{\'{a}}tica Pura e Aplicada}
}

@article{Camm1990CuttingSize,
    title = {{Cutting Big M Down to Size}},
    year = {1990},
    journal = {Interfaces},
    author = {Camm, Jeffrey D and Raturi, Amitabh S and Tsubakitani, Shigeru},
    number = {5},
    pages = {61--66},
    volume = {20},
    doi = {10.1287/inte.20.5.61}
}

@article{Chiasson2014DataDesign,
    title = {{Data + Design}},
    year = {2014},
    author = {Chiasson, Trina and Gregory, Dyanna},
    pages = {1--299}
}

@article{Chiasson2014DataDesignb,
    title = {{Data + Design}},
    year = {2014},
    author = {Chiasson, Trina and Gregory, Dyanna},
    pages = {1--299}
}

@misc{Brasil2004DECRETO2004.,
    title = {{DECRETO N{\^{}}o 5.163 DE 30 DE JULHO DE 2004.}},
    year = {2004},
    author = {{Brasil}}
}

@phdthesis{Silva2015DEZObra,
    title = {{DEZ ESTUDOS PARA VIOL{\~{A}}O, de Ulisses Rocha: Uma an{\'{a}}lise do processo composicional da obra}},
    year = {2015},
    author = {Silva, Ulisses Rocha Loureiro da},
    school = {Universidade Estadual de Campinas}
}

@techreport{Perlman2017DistributedInclusion,
    title = {{Distributed Ledger Technologies and Financial Inclusion}},
    year = {2017},
    author = {Perlman, Leon},
    month = {11},
    institution = {ITU-T Focus Group Digital Financial Services}
}

@techreport{UKGovernmentChiefScientificAdviser2016DistributedChain,
    title = {{Distributed Ledger Technology: beyond block chain}},
    year = {2016},
    author = {{UK Government Chief Scientific Adviser}},
    number = {GS/16/1},
    month = {11},
    institution = {Government Office for Science}
}

@article{DiGaspero2003EasyLocal++:Algorithms,
    title = {{EasyLocal++: an object-oriented framework for the flexible design of local-search algorithms}},
    year = {2003},
    journal = {Softw. Pract. Exper.},
    author = {Di Gaspero, Luca and Schaerf, Andrea},
    number = {8},
    month = {7},
    pages = {733--765},
    volume = {33},
    publisher = {John Wiley {\&} Sons, Inc.},
    address = {New York, NY, USA},
    issn = {0038-0644},
    keywords = {(meta-)heuristics, algorithms design and implementation, analysis of algorithms, local search}
}

@article{Zheng2018EconomicStorage,
    title = {{Economic and environmental benefits of coordinating dispatch among distributed electricity storage}},
    year = {2018},
    journal = {Applied Energy},
    author = {Zheng, Menglian and Wang, Xinhao and Meinrenken, Christoph J and Ding, Yi},
    pages = {842 - 855},
    volume = {210},
    url = {http://www.sciencedirect.com/science/article/pii/S0306261917309686},
    doi = {https://doi.org/10.1016/j.apenergy.2017.07.095},
    issn = {0306-2619},
    keywords = {Batteries, Demand response, Distributed energy, Loadshifting, Microgrid, Smart grid}
}

@article{Prins2002EfficientCase,
    title = {{Efficient Heuristics for the Heterogeneous Fleet Multitrip VRP with Application to a Large-Scale Real Case}},
    year = {2002},
    journal = {Journal of Mathematical Modelling and Algorithms},
    author = {Prins, Christian},
    number = {2},
    pages = {135--150},
    volume = {1},
    publisher = {Kluwer Academic Publishers},
    issn = {1570-1166},
    keywords = {vehicle routing; heterogeneous fleet; bin packing; tabu search},
    language = {English}
}

@article{Cheok2008EfficientModels,
    title = {{Efficient mobile phone Chinese optical character recognition systems by use of heuristic fuzzy rules and bigram Markov language models }},
    year = {2008},
    journal = {Applied Soft Computing },
    author = {Cheok, Adrian David and Jian, Zhang and Chng, Eng Siong},
    number = {2},
    pages = {1005 - 1017},
    volume = {8},
    doi = {http://dx.doi.org/10.1016/j.asoc.2007.02.013},
    issn = {1568-4946},
    keywords = {Fuzzy logic}
}

@article{Papadopoulos2012ElectricNetworks,
    title = {{Electric vehicles' impact on british distribution networks}},
    year = {2012},
    journal = {Electrical Systems in Transportation, IET},
    author = {Papadopoulos, P and Skarvelis-Kazakos, S and Grau, I and Cipcigan, L M and Jenkins, N},
    number = {3},
    month = {9},
    pages = {91--102},
    volume = {2},
    doi = {10.1049/iet-est.2011.0023}
}

@article{Zakeri2015ElectricalAnalysis,
    title = {{Electrical energy storage systems: A comparative life cycle cost analysis }},
    year = {2015},
    journal = {Renewable and Sustainable Energy Reviews },
    author = {Zakeri, Behnam and Syri, Sanna},
    number = {0},
    pages = {569 - 596},
    volume = {42},
    doi = {http://dx.doi.org/10.1016/j.rser.2014.10.011},
    issn = {1364-0321}
}

@article{Ela2017ElectricityRenewables,
    title = {{Electricity Markets and Renewables}},
    year = {2017},
    journal = {IEEE Power {\&} Energy Magazine},
    author = {Ela, Erik and Wang, Congcong and Moorty, Sai and Ragsdale, Kenneth and O'Sullivan, Jon and Rothleder, Mark and Hobbs, Ben},
    number = {6},
    pages = {70 - 82},
    volume = {15},
    doi = {10.1109/MPE.2017.2730827},
    issn = {1540-7977}
}

@article{Weron2014ElectricityFuture,
    title = {{Electricity price forecasting: A review of the state-of-the-art with a look into the future }},
    year = {2014},
    journal = {International Journal of Forecasting },
    author = {Weron, Rafal},
    number = {4},
    pages = {1030 - 1081},
    volume = {30},
    issn = {0169-2070}
}

@article{Kyritsis2017ElectricityImplications,
    title = {{Electricity prices, large-scale renewable integration, and policy implications}},
    year = {2017},
    journal = {Energy Policy},
    author = {Kyritsis, Evangelos and Andersson, Jonas and Serletis, Apostolos},
    month = {2},
    pages = {550--560},
    volume = {101},
    publisher = {Elsevier},
    url = {https://www.sciencedirect.com/science/article/pii/S0301421516306085},
    doi = {10.1016/J.ENPOL.2016.11.014},
    issn = {0301-4215}
}

@article{Mauricio2017EmViver,
    title = {{Em que capitalismo voc{\^{e}} quer viver?}},
    year = {2017},
    author = {Mauricio, Por and S{\'{o}}cio, Goldstein},
    pages = {1--4}
}

@article{Mauricio2017EmViverb,
    title = {{Em que capitalismo voc{\^{e}} quer viver?}},
    year = {2017},
    author = {Mauricio, Por and S{\'{o}}cio, Goldstein},
    pages = {1--4}
}

@article{Jafarian2010EmpiricalProgramming,
    title = {{Empirical predictive model for the vmax/amax ratio of strong ground motions using genetic programming}},
    year = {2010},
    journal = {Computers {\&} Geosciences},
    author = {Jafarian, Yaser and Kermani, Elnaz and Baziar, Mohammad H},
    number = {12},
    pages = {1523 - 1531},
    volume = {36},
    doi = {10.1016/j.cageo.2010.07.002},
    issn = {0098-3004},
    keywords = {Genetic programming}
}

@misc{Community2012EmpowermentTransformation,
    title = {{Empowerment as a Mechanism for Social Transformation}},
    year = {2012},
    author = {Community, Bahá'í International},
    pages = {1--2},
    url = {https://www.bic.org/statements/empowerment?mechanism?social?transformation#DxZimFl2wWctQwZJ.97}
}

@misc{Community2012EmpowermentTransformationb,
    title = {{Empowerment as a Mechanism for Social Transformation}},
    year = {2012},
    author = {Community, Bahá'í International},
    pages = {1--2},
    url = {https://www.bic.org/statements/empowerment?mechanism?social?transformation#DxZimFl2wWctQwZJ.97}
}

@incollection{IEA2017EnergyProsperity,
    title = {{Energy Access Outlook 2017, from poverty to prosperity}},
    year = {2017},
    author = {IEA, International Energy Agency -},
    url = {https://www.iea.org/publications/freepublications/publication/weo-2017-special-report-energy-access-outlook.html}
}

@article{Itskos2016EnergyEnvironment,
    title = {{Energy and the Environment}},
    year = {2016},
    journal = {Environment and Development},
    author = {Itskos, G. and Nikolopoulos, N. and Kourkoumpas, D.-S. and Koutsianos, A. and Violidakis, I. and Drosatos, P. and Grammelis, P.},
    month = {1},
    pages = {363--452},
    publisher = {Elsevier},
    url = {https://www.sciencedirect.com/science/article/pii/B978044462733900006X},
    isbn = {9780444627339},
    doi = {10.1016/B978-0-444-62733-9.00006-X}
}

@article{Hanna2014EnergyForecasting,
    title = {{Energy dispatch schedule optimization for demand charge reduction using a photovoltaic-battery storage system with solar forecasting }},
    year = {2014},
    journal = {Solar Energy },
    author = {Hanna, R and Kleissl, J and Nottrott, A and Ferry, M},
    number = {0},
    pages = {269 - 287},
    volume = {103},
    doi = {http://dx.doi.org/10.1016/j.solener.2014.02.020},
    issn = {0038-092X}
}

@article{Torreglosa2015EnergySystem,
    title = {{Energy dispatching based on predictive controller of an off-grid wind turbine/photovoltaic/hydrogen/battery hybrid system }},
    year = {2015},
    journal = {Renewable Energy },
    author = {Torreglosa, Juan P and Garc{\'{i}}a, Pablo and Fern{\'{a}}ndez, Luis M and Jurado, Francisco},
    pages = {326 - 336},
    volume = {74},
    doi = {http://dx.doi.org/10.1016/j.renene.2014.08.010},
    issn = {0960-1481}
}

@article{Torreglosa2015EnergySystemb,
    title = {{Energy dispatching based on predictive controller of an off-grid wind turbine/photovoltaic/hydrogen/battery hybrid system }},
    year = {2015},
    journal = {Renewable Energy },
    author = {Torreglosa, Juan P and Garc{\'{i}}a, Pablo and Fern{\'{a}}ndez, Luis M and Jurado, Francisco},
    number = {0},
    pages = {326 - 336},
    volume = {74},
    doi = {http://dx.doi.org/10.1016/j.renene.2014.08.010},
    issn = {0960-1481}
}

@book{1991EnergyEarth,
    title = {{Energy for Planet Earth}},
    year = {1991},
    publisher = {Scientific American}
}

@inproceedings{Karnouskos2012EnergyCity,
    title = {{Energy services for the smart grid city}},
    year = {2012},
    booktitle = {2012 6th IEEE International Conference on Digital Ecosystems and Technologies (DEST)},
    author = {Karnouskos, Stamatis and Da Silva, Per Goncalves and Ilic, Dejan},
    pages = {1--6}
}

@article{Delfanti2015EnergyDispatching,
    title = {{Energy storage for {\{}PV{\}} power plant dispatching }},
    year = {2015},
    journal = {Renewable Energy },
    author = {Delfanti, Maurizio and Falabretti, Davide and Merlo, Marco},
    number = {0},
    pages = {61 - 72},
    volume = {80},
    doi = {http://dx.doi.org/10.1016/j.renene.2015.01.047},
    issn = {0960-1481}
}

@article{Ribeiro2001EnergyApplications,
    title = {{Energy storage systems for advanced power applications}},
    year = {2001},
    journal = {Proceedings of the IEEE},
    author = {Ribeiro, Paulo F and Johnson, Brian K and Crow, Mariesa L and Arsoy, Aysen and Liu, Yilu},
    number = {12},
    pages = {1744--1756},
    volume = {89}
}

@inproceedings{Coelho2011EstrategiasMista,
    title = {{Estrat{\'{e}}gias Evolutivas aplicadas a um problema de Programa{\c{c}}{\~{a}}o Inteira Mista}},
    year = {2011},
    booktitle = {Anais X Congresso Brasileiro de Intelig{\^{e}}ncia Computaciona (CBIC)},
    author = {Coelho, V N and Souza, M J F and Coelho, I M and Guimar{\~{a}}es, F G and Coelho, B N},
    pages = {1--8},
    volume = {1},
    address = {Fortaleza/CE}
}

@misc{Wood2017Ethereum:Release,
    title = {{Ethereum: homestead release}},
    year = {2017},
    author = {Wood, Gavin},
    howpublished = {Dispon{\'{i}}vel em: https://ethereum.org/}
}

@article{Boyd2011EvaluationModels,
    title = {{Evaluation and Validation of Equivalent Circuit Photovoltaic Solar Cell Performance Models}},
    year = {2011},
    journal = {Journal of Solar Energy Engineering},
    author = {Boyd, Matthew T. and Klein, Sanford A. and Reindl, Douglas T. and Dougherty, Brian P.},
    number = {2},
    pages = {021005},
    volume = {133},
    url = {http://solarenergyengineering.asmedigitalcollection.asme.org/article.aspx?articleid=1458040},
    doi = {10.1115/1.4003584},
    issn = {01996231}
}

@article{Boyd2011EvaluationModelsb,
    title = {{Evaluation and Validation of Equivalent Circuit Photovoltaic Solar Cell Performance Models}},
    year = {2011},
    journal = {Journal of Solar Energy Engineering},
    author = {Boyd, Matthew T. and Klein, Sanford A. and Reindl, Douglas T. and Dougherty, Brian P.},
    number = {2},
    pages = {021005},
    volume = {133},
    url = {http://solarenergyengineering.asmedigitalcollection.asme.org/article.aspx?articleid=1458040},
    doi = {10.1115/1.4003584},
    issn = {01996231}
}

@article{Beyer2002EvolutionIntroduction,
    title = {{Evolution strategies - A comprehensive introduction}},
    year = {2002},
    journal = {Natural Computing},
    author = {Beyer, H G and Schwefel, H P},
    number = {},
    pages = {3--52},
    volume = {1}
}

@article{Costa2001EvolutionaryProblems,
    title = {{Evolutionary algorithms approach to the solution of mixed integer non-linear programming problems}},
    year = {2001},
    journal = {Computers {\&} Chemical Engineering},
    author = {Costa, L and Oliveira, P},
    number = {10},
    pages = {257--266},
    volume = {25}
}

@article{Sabattin2012EvolutionaryCode,
    title = {{Evolutionary Optimization of Electric Power Distribution Using the Dandelion Code}},
    year = {2012},
    journal = {J. Electrical and Computer Engineering},
    author = {Sabattin, Jorge and Bolton, Carlos Contreras and Albornoz, Miguel Arias and Parada, V\'{\i}ctor},
    volume = {2012},
    doi = {http://dx.doi.org/10.1155/2012/738409}
}

@article{Nguyen2016Fabrication1,
    title = {{Fabrication of new superconducting materials, Ca{\_}x K{\_}1- x C{\_}y (0 < x< 1)}},
    year = {2016},
    journal = {Carbon},
    author = {Nguyen, Huyen T L and Nishiyama, Saki and Izumi, Masanari and Zheng, Lu and Miao, Xiao and Sakai, Yusuke and Goto, Hidenori and Hirao, Naohisa and Ohishi, Yasuo and Kagayama, Tomoko and {others}},
    pages = {641--646},
    volume = {100},
    publisher = {Elsevier}
}

@phdthesis{Schott1995FaultOptimization,
    title = {{Fault tolerant design using single and multicriteria genetic algorithm optimization}},
    year = {1995},
    author = {Schott, J R},
    school = {Department of Aeronautics and Astronautics, Massachusetts Institute of Technology, Cambridge},
    address = {Massachusetts}
}

@article{Reis2005FeatureForecasting,
    title = {{Feature extraction via multiresolution analysis for short-term load forecasting}},
    year = {2005},
    journal = {Power Systems, IEEE Transactions on},
    author = {Reis, A J R and da Silva, A P},
    number = {1},
    pages = {189--198},
    volume = {20},
    issn = {0885-8950}
}

@article{Laporte2009FiftyRouting,
    title = {{Fifty Years of Vehicle Routing}},
    year = {2009},
    journal = {Transportation Science},
    author = {Laporte, Gilbert},
    month = {11},
    pages = {408--416},
    volume = {43},
    publisher = {INFORMS},
    address = {Institute for Operations Research and the Management Sciences (INFORMS), Linthicum, Maryland, USA},
    issn = {1526-5447}
}

@article{Lee2011ForecastingProgramming,
    title = {{Forecasting energy consumption using a grey model improved by incorporating genetic programming}},
    year = {2011},
    journal = {Energy Conversion and Management},
    author = {Lee, Yi-Shian and Tong, Lee-Ing},
    number = {1},
    pages = {147 - 152},
    volume = {52},
    doi = {10.1016/j.enconman.2010.06.053},
    issn = {0196-8904},
    keywords = {Genetic programming}
}

@article{Javed2012ForecastingForecasting,
    title = {{Forecasting for demand response in smart grids: An analysis on use of anthropologic and structural data and short term multiple loads forecasting }},
    year = {2012},
    journal = {Applied Energy },
    author = {Javed, Fahad and Arshad, Naveed and Wallin, Fredrik and Vassileva, Iana and Dahlquist, Erik},
    number = {0},
    pages = {150 - 160},
    volume = {96},
    issn = {0306-2619}
}

@article{Lee2012ForecastingModel,
    title = {{Forecasting nonlinear time series of energy consumption using a hybrid dynamic model}},
    year = {2012},
    journal = {Applied Energy},
    author = {Lee, Yi-Shian and Tong, Lee-Ing},
    number = {0},
    pages = {251 - 256},
    volume = {94},
    doi = {10.1016/j.apenergy.2012.01.063},
    issn = {0306-2619},
    keywords = {Hybrid dynamic approach}
}

@article{Chakrabarty2013FuzzyAlgorithms,
    title = {{Fuzzy model predictive control of non-linear processes using convolution models and foraging algorithms}},
    year = {2013},
    journal = {Measurement},
    author = {Chakrabarty, Ankush and Banerjee, Suvadeep and Maity, Sayan and Chatterjee, Amitava},
    number = {4},
    pages = {1616 - 1629},
    volume = {46},
    doi = {10.1016/j.measurement.2012.11.046},
    issn = {0263-2241},
    keywords = {Direct adaptive control}
}

@article{Song1993FuzzyModels,
    title = {{Fuzzy time series and its models}},
    year = {1993},
    journal = {Fuzzy sets and systems},
    author = {Song, Qiang and Chissom, Brad S},
    number = {3},
    pages = {269--277},
    volume = {54},
    publisher = {Elsevier}
}

@article{Chen2007FuzzyForecasting,
    title = {{Fuzzy time-series based on Fibonacci sequence for stock price forecasting}},
    year = {2007},
    journal = {Smart Grid, IEEE Transactions on},
    author = {Chen, T L and Cheng, C H and Teoh, H Jong},
    number = {1},
    pages = {377--380},
    volume = {90}
}

@book{GabeZichermann2011GamificationApps,
    title = {{Gamification by Design: Implementing Game Mechanics in Web and Mobile Apps}},
    year = {2011},
    author = {Gabe Zichermann, Christopher Cunningham},
    edition = {1},
    publisher = {O'Reilly Media},
    isbn = {1449397670,9781449397678}
}

@book{Goldberg1989GeneticLearning,
    title = {{Genetic Algorithms in Search, Optimization and Machine Learning}},
    year = {1989},
    author = {Goldberg, David E},
    edition = {1st},
    publisher = {Addison-Wesley Longman Publishing Co., Inc.},
    address = {Boston, MA, USA},
    isbn = {0201157675}
}

@book{Koza1992GeneticSelection,
    title = {{Genetic programming: on the programming of computers by means of natural selection}},
    year = {1992},
    author = {Koza, John R},
    publisher = {MIT Press},
    address = {Cambridge, MA, USA},
    isbn = {0-262-11170-5}
}

@misc{Albright2017GentrificationBack,
    title = {{Gentrification is sweeping through America. Here are the people fighting back}},
    year = {2017},
    author = {Albright, Cliff},
    month = {11},
    url = {https://www.theguardian.com/us-news/2017/nov/10/atlanta-super-gentrification-eminent-domain}
}

@article{Feo1995GreedyProcedures,
    title = {{Greedy randomized adaptive search procedures}},
    year = {1995},
    journal = {Journal of Global Optimization},
    author = {Feo, T A and Resende, M G C},
    number = {},
    pages = {109--133},
    volume = {6}
}

@incollection{Resende2003GreedyProcedures,
    title = {{Greedy randomized adaptive search procedures}},
    year = {2003},
    booktitle = {Handbook of Metaheuristics},
    author = {Resende, M G C and Ribeiro, C C},
    editor = {Glover, F and Kochenberger, G},
    pages = {219--242},
    publisher = {Kluwer Academic Publishers},
    address = {Boston}
}

@incollection{Resende2008GreedyApplications,
    title = {{Greedy Randomized Adaptive Search Procedures: Advances and Applications}},
    year = {2008},
    booktitle = {Handbook of Metaheuristics},
    author = {Resende, M G C and Ribeiro, C C},
    editor = {Gendreau, M and Potvin, J Y},
    edition = {2},
    publisher = {Springer}
}

@incollection{Resende2010GreedyApplications,
    title = {{Greedy randomized adaptive search procedures: Advances, hybridizations, and applications}},
    year = {2010},
    booktitle = {Handbook of Metaheuristics},
    author = {Resende, M G C and Ribeiro, C C},
    editor = {Gendreau, M and Potvin, J Y},
    edition = {2},
    pages = {283--319},
    publisher = {Springer},
    address = {New York}
}

@article{Ekonomou2010GreekNetworks,
    title = {{Greek long-term energy consumption prediction using artificial neural networks }},
    year = {2010},
    journal = {Energy },
    author = {Ekonomou, L},
    number = {2},
    pages = {512 - 517},
    volume = {35},
    doi = {http://dx.doi.org/10.1016/j.energy.2009.10.018},
    issn = {0360-5442},
    keywords = {Support vector machine method}
}

@article{Monacchi2014GREEND:Austria,
    title = {{GREEND: An Energy Consumption Dataset of Households in Italy and Austria}},
    year = {2014},
    journal = {arXiv preprint arXiv:1405.3100},
    author = {Monacchi, Andrea and Egarter, Dominik and Elmenreich, Wilfried and D'Alessandro, Salvatore and Tonello, Andrea M}
}

@book{2003HandbookMetaheuristics,
    title = {{Handbook of Metaheuristics}},
    year = {2003},
    editor = {Glover, F and Kochenberger, G},
    publisher = {Kluwer Academic Publishers}
}

@article{Huarng2001HeuristicForecasting,
    title = {{Heuristic models of fuzzy time series for forecasting }},
    year = {2001},
    journal = {Fuzzy Sets and Systems },
    author = {Huarng, Kunhuang},
    number = {3},
    pages = {369 - 386},
    volume = {123},
    issn = {0165-0114}
}

@misc{2017HistoriaLixo,
    title = {{Hist{\'{o}}ria do Lixo}},
    year = {2017},
    pages = {2017},
    url = {https://www.ufmg.br/proex/geresol/lixohistoria.htm}
}

@misc{2017HistoriaLixob,
    title = {{Hist{\'{o}}ria do Lixo}},
    year = {2017},
    pages = {2017},
    url = {https://www.ufmg.br/proex/geresol/lixohistoria.htm}
}

@incollection{Fink2003Hotframe:Framework,
    title = {{Hotframe: A Heuristic Optimization Framework}},
    year = {2003},
    booktitle = {Optimization Software Class Libraries},
    author = {Fink, Andreas and Vo{\ss}, Stefan},
    editor = {Vob, Stefan and Woodruff, DavidL.},
    pages = {81--154},
    series = {Operations Research/Computer Science Interfaces Series},
    volume = {18},
    publisher = {Springer US},
    isbn = {978-1-4020-7002-0}
}

@article{Enayatifar2013ImperialistForecasting,
    title = {{Imperialist competitive algorithm combined with refined high-order weighted fuzzy time series (RHWFTS-ICA) for short term load forecasting }},
    year = {2013},
    journal = {Energy Conversion and Management },
    author = {Enayatifar, Rasul and Sadaei, Hossein Javedani and Abdullah, Abdul Hanan and Gani, Abdullah},
    number = {0},
    pages = {1104 - 1116},
    volume = {76},
    issn = {0196-8904},
    keywords = {Forecast adjusting}
}

@article{Wang2013InfluencePerformance,
    title = {{Influence of Feature Extraction Duration and Step Size on {\{}ANN{\}} based Multisensor Fire Detection Performance }},
    year = {2013},
    journal = {Procedia Engineering },
    author = {Wang, Xue-gui and Lo, Siu-ming and Zhang, He-ping},
    number = {0},
    pages = {413 - 421},
    volume = {52},
    issn = {1877-7058}
}

@misc{ANEEL2016InformacoesTecnicas,
    title = {{Informa{\c{c}}ões T{\'{e}}cnicas}},
    year = {2016},
    author = {ANEEL, Superintendência de Regulação dos Serviços de Distribuição (SRD)},
    month = {11},
    howpublished = {Dispon{\'{i}}vel em: https://goo.gl/gRp4nG}
}

@techreport{Meintz2016IntegratingGrid,
    title = {{Integrating PEVs with Renewables and the Grid}},
    year = {2016},
    author = {Meintz, Andrew and Markel, Tony and Jun, Myungsoo and Zhang, Jiucai},
    institution = {NREL (National Renewable Energy Laboratory (NREL), Golden, CO (United States))}
}

@article{2010IntelligentOptimization,
    title = {{Intelligent unit commitment with vehicle-to-grid – A cost-emission optimization }},
    year = {2010},
    journal = {Journal of Power Sources },
    number = {3},
    pages = {898 - 911},
    volume = {195},
    issn = {0378-7753}
}

@article{Zanella2014InternetCities,
    title = {{Internet of Things for Smart Cities}},
    year = {2014},
    journal = {IEEE Internet of Things Journal},
    author = {Zanella, A and Bui, N and Castellani, A and Vangelista, L and Zorzi, M},
    number = {1},
    month = {2},
    pages = {22--32},
    volume = {1},
    doi = {10.1109/JIOT.2014.2306328},
    issn = {2327-4662}
}

@incollection{Lourenco2003IteratedSearch,
    title = {{Iterated Local Search}},
    year = {2003},
    booktitle = {Handbook of Metaheuristics},
    author = {Louren{\c{c}}o, H R and Martin, O C and St{\"{u}}tzle, T},
    editor = {Glover, F and Kochenberger, G},
    publisher = {Kluwer Academic Publishers},
    address = {Boston}
}

@techreport{Durillo2006JMetal:Metaheuristics,
    title = {{jMetal: A Java Framework for Developing Multi-Objective Optimization Metaheuristics}},
    year = {2006},
    author = {Durillo, Juan J and Nebro, Antonio J and Luna, Francisco and Dorronsoro, Bernabé and Alba, Enrique},
    number = {ITI-2006-10},
    institution = {Departamento de Lenguajes y Ciencias de la Computaci{\'{o}}n, University of M{\'{a}}laga},
    address = {E.T.S.I. Inform{\'{a}}tica, Campus de Teatinos}
}

@misc{BRASIL1995LeiProvidencias.,
    title = {{Lei 8.987, de 13 de fevereiro de 1995. Dispõe sobre o regime de concess{\~{a}}o e permiss{\~{a}}o da presta{\c{c}}{\~{a}}o de servi{\c{c}}os p{\'{u}}blicos previsto no art. 175 da Constitui{\c{c}}{\~{a}}o Federal, e d{\'{a}} outras provid{\^{e}}ncias.}},
    year = {1995},
    author = {{BRASIL}},
    month = {11},
    howpublished = {Dispon{\'{i}}vel em: http://www.planalto.gov.br/ccivil{\_}03/leis/L8987compilada.htm}
}

@article{Dionysio2014LixoMateriais,
    title = {{Lixo Urbano: Descarte e Reciclagem De Materiais}},
    year = {2014},
    journal = {Puc},
    author = {Dionysio, Luis Gustavo Magro and Dionysio, Renata Barbosa},
    pages = {0--23},
    url = {http://web.ccead.puc-rio.br/condigital/mvsl/Sala de Leitura/conteudos/SL_lixo_urbano.pdf}
}

@article{Dionysio2014LixoMateriaisb,
    title = {{Lixo Urbano: Descarte e Reciclagem De Materiais}},
    year = {2014},
    journal = {Puc},
    author = {Dionysio, Luis Gustavo Magro and Dionysio, Renata Barbosa},
    pages = {0--23},
    url = {http://web.ccead.puc-rio.br/condigital/mvsl/Sala de Leitura/conteudos/SL_lixo_urbano.pdf}
}

@article{Hong2014LongInformation,
    title = {{Long Term Probabilistic Load Forecasting and Normalization With Hourly Information}},
    year = {2014},
    journal = {Smart Grid, IEEE Transactions on},
    author = {Hong, Tao and Wilson, J and Xie, Jingrui},
    number = {1},
    month = {1},
    pages = {456--462},
    volume = {5},
    doi = {10.1109/TSG.2013.2274373},
    issn = {1949-3053}
}

@article{Hong2014LongInformationb,
    title = {{Long Term Probabilistic Load Forecasting and Normalization With Hourly Information}},
    year = {2014},
    journal = {Smart Grid, IEEE Transactions on},
    author = {Hong, Tao and Wilson, J and Xie, Jingrui},
    number = {1},
    month = {1},
    pages = {456--462},
    volume = {5},
    issn = {1949-3053}
}

@article{Parkinson2015Long-termMetrics,
    title = {{Long-term energy planning with uncertain environmental performance metrics }},
    year = {2015},
    journal = {Applied Energy },
    author = {Parkinson, Simon C and Djilali, Ned},
    number = {0},
    pages = {402 - 412},
    volume = {147},
    doi = {http://dx.doi.org/10.1016/j.apenergy.2015.02.006},
    issn = {0306-2619}
}

@book{Antonopoulos2014MasteringBitcoin,
    title = {{Mastering Bitcoin}},
    year = {2014},
    author = {Antonopoulos, Andreas M},
    month = {11},
    publisher = {O'Reilly Media, Inc.},
    howpublished = {Available at: https://www.safaribooksonline.com/library/view/mastering-bitcoin/9781491902639/},
    isbn = {9781491902639}
}

@article{Silver2016MasteringSearch,
    title = {{Mastering the game of Go with deep neural networks and tree search}},
    year = {2016},
    journal = {Nature},
    author = {Silver, David and Huang, Aja and Maddison, Chris J and Guez, Arthur and Sifre, Laurent and van den Driessche, George and Schrittwieser, Julian and Antonoglou, Ioannis and Panneershelvam, Veda and Lanctot, Marc and Dieleman, Sander and Grewe, Dominik and Nham, John and Kalchbrenner, Nal and Sutskever, Ilya and Lillicrap, Timothy and Leach, Madeleine and Kavukcuoglu, Koray and Graepel, Thore and Hassabis, Demis},
    number = {},
    pages = {484--489},
    volume = {529},
    doi = {10.1038/nature16961}
}

@article{Jordehi2016MaximumApproaches,
    title = {{Maximum power point tracking in photovoltaic (PV) systems: A review of different approaches}},
    year = {2016},
    journal = {Renewable and Sustainable Energy Reviews},
    author = {Jordehi, A. Rezaee},
    pages = {1127--1138},
    volume = {65},
    publisher = {Elsevier},
    url = {http://dx.doi.org/10.1016/j.rser.2016.07.053},
    doi = {10.1016/j.rser.2016.07.053},
    issn = {18790690},
    keywords = {Maximum power point tracking, Optimisation, Photovoltaic systems, Renewable energy, Solar energy}
}

@article{Jordehi2016MaximumApproachesb,
    title = {{Maximum power point tracking in photovoltaic (PV) systems: A review of different approaches}},
    year = {2016},
    journal = {Renewable and Sustainable Energy Reviews},
    author = {Jordehi, A. Rezaee},
    pages = {1127--1138},
    volume = {65},
    publisher = {Elsevier},
    url = {http://dx.doi.org/10.1016/j.rser.2016.07.053},
    doi = {10.1016/j.rser.2016.07.053},
    issn = {18790690},
    keywords = {Maximum power point tracking, Optimisation, Photovoltaic systems, Renewable energy, Solar energy}
}

@article{Osman1993MetastrategyProblem,
    title = {{Metastrategy simulated annealing and tabu search algorithms for the vehicle routing problem}},
    year = {1993},
    journal = {Annals of Operations Research},
    author = {Osman, Ibrahim H},
    number = {4},
    month = {12},
    pages = {421--451},
    volume = {41},
    doi = {10.1007/bf02023004},
    issn = {0254-5330}
}

@article{Adam2016MethodologiesInvestment,
    title = {{Methodologies for city-scale assessment of renewable energy generation potential to inform strategic energy infrastructure investment}},
    year = {2016},
    journal = {Cities},
    author = {Adam, Katrina and Hoolohan, Victoria and Gooding, James and Knowland, Thomas and Bale, Catherine S.E. and Tomlin, Alison S.},
    month = {5},
    pages = {45--56},
    volume = {54},
    publisher = {Pergamon},
    url = {https://www.sciencedirect.com/science/article/pii/S0264275115001687},
    doi = {10.1016/J.CITIES.2015.10.015},
    issn = {0264-2751}
}

@article{Adam2016MethodologiesInvestmentb,
    title = {{Methodologies for city-scale assessment of renewable energy generation potential to inform strategic energy infrastructure investment}},
    year = {2016},
    journal = {Cities},
    author = {Adam, Katrina and Hoolohan, Victoria and Gooding, James and Knowland, Thomas and Bale, Catherine S.E. and Tomlin, Alison S.},
    month = {5},
    pages = {45--56},
    volume = {54},
    publisher = {Pergamon},
    url = {https://www.sciencedirect.com/science/article/pii/S0264275115001687},
    doi = {10.1016/J.CITIES.2015.10.015},
    issn = {0264-2751}
}

@article{Huang2015MethodsReview,
    title = {{Methods and tools for community energy planning: A review }},
    year = {2015},
    journal = {Renewable and Sustainable Energy Reviews },
    author = {Huang, Zishuo and Yu, Hang and Peng, Zhenwei and Zhao, Mei},
    number = {0},
    pages = {1335 - 1348},
    volume = {42},
    doi = {http://dx.doi.org/10.1016/j.rser.2014.11.042},
    issn = {1364-0321},
    keywords = {Energy-related indicators}
}

@inproceedings{Lasseter2001MicrogridsGeneration,
    title = {{Microgrids [distributed power generation]}},
    year = {2001},
    booktitle = {Power Engineering Society Winter Meeting, 2001. IEEE},
    author = {Lasseter, B},
    month = {1},
    pages = {146--149},
    volume = {1},
    doi = {10.1109/PESW.2001.917020}
}

@article{Chen2009Mixed-discreteStrategy,
    title = {{Mixed-discrete structural optimization using a rank-niche evolution strategy}},
    year = {2009},
    journal = {Engineering Optimization},
    author = {Chen, T Y and Chen, H C},
    number = {1},
    pages = {39--58},
    volume = {41}
}

@book{Fitzek2009MobileGuide,
    title = {{Mobile Peer to Peer (P2P): A Tutorial Guide}},
    year = {2009},
    author = {Fitzek, Frank H P and Charaf, Hassan},
    edition = {1},
    series = {},
    volume = {},
    publisher = {Wiley},
    isbn = {0470699922,9780470699928}
}

@book{Fitzek2009MobileGuideb,
    title = {{Mobile Peer to Peer (P2P): A Tutorial Guide}},
    year = {2009},
    author = {Fitzek, Frank H P and Charaf, Hassan},
    edition = {1},
    series = {},
    volume = {},
    publisher = {Wiley},
    isbn = {0470699922,9780470699928}
}

@misc{ANEEL2017ModalidadesTarifarias,
    title = {{Modalidades tarif{\'{a}}rias}},
    year = {2017},
    author = {ANEEL, Superintendência de Gestão Tarifária (SGT)},
    month = {11},
    howpublished = {Dispon{\'{i}}vel em: http://www.aneel.gov.br/tarifa-branca}
}

@inproceedings{Almeida2011MSGVNS:Aereo,
    title = {{MSGVNS: Um algoritmo heur{\'{i}}stico para o problema de gerenciamento de escala operacional de controladores de{\\\}tr{\'{a}}fego a{\'{e}}reo}},
    year = {2011},
    booktitle = {X Simp{\'{o}}sio de Pesquisa em Transporte A{\'{e}}reo},
    author = {Almeida, B M A and Coelho, V N and Souza, I M Coelho M J F and Coelho, B N},
    pages = {1--12},
    address = {Ouro Preto, MG}
}

@article{Coelho2017Multi-agentMicrogrids,
    title = {{Multi-agent systems applied for energy systems integration: State-of-the-art applications and trends in microgrids }},
    year = {2017},
    journal = {Applied Energy },
    author = {Coelho, Vitor N and Cohen, Miri Weiss and Coelho, Igor M and Liu, Nian and Guimar{\~{a}}es, Frederico Gadelha},
    number = {},
    pages = {820 - 832},
    volume = {187},
    doi = {http://doi.org/10.1016/j.apenergy.2016.10.056},
    issn = {0306-2619}
}

@article{Comodi2015Multi-apartmentStrategies,
    title = {{Multi-apartment residential microgrid with electrical and thermal storage devices: Experimental analysis and simulation of energy management strategies }},
    year = {2015},
    journal = {Applied Energy },
    author = {Comodi, Gabriele and Giantomassi, Andrea and Severini, Marco and Squartini, Stefano and Ferracuti, Francesco and Fonti, Alessandro and Cesarini, Davide Nardi and Morodo, Matteo and Polonara, Fabio},
    number = {0},
    pages = {854 - 866},
    volume = {137},
    doi = {http://dx.doi.org/10.1016/j.apenergy.2014.07.068},
    issn = {0306-2619}
}

@article{Coelho2012Multi-objectiveProblem,
    title = {{Multi-objective approaches for the open-pit mining operational planning problem }},
    year = {2012},
    journal = {Electronic Notes in Discrete Mathematics },
    author = {Coelho, V N and Souza, M J F and Coelho, I M and Guimaraes, F G and Lust, T and Cruz, R C},
    number = {0},
    pages = {233 - 240},
    volume = {39},
    issn = {1571-0653},
    keywords = {NSGA-II}
}

@article{Coelho2016Multi-objectiveSmart-microgrid,
    title = {{Multi-objective energy storage power dispatching using plug-in vehicles in a smart-microgrid }},
    year = {2016},
    journal = {Renewable Energy },
    author = {Coelho, Vitor N and Coelho, Igor M and Coelho, Bruno N and Cohen, Miri Weiss and Reis, Agnaldo J R and Silva, Sidelmo M and Souza, Marcone J F and Fleming, Peter J and Guimaraes, F G},
    pages = {730 - 742},
    volume = {89},
    doi = {http://dx.doi.org/10.1016/j.renene.2015.11.084},
    issn = {0960-1481}
}

@article{Coelho2016Multi-objectiveSmart-microgridb,
    title = {{Multi-objective energy storage power dispatching using plug-in vehicles in a smart-microgrid }},
    year = {2016},
    journal = {Renewable Energy },
    author = {Coelho, Vitor N and Coelho, Igor M and Coelho, Bruno N and Cohen, Miri Weiss and Reis, Agnaldo J R and Silva, Sidelmo M and Souza, Marcone J F and Fleming, Peter J and Guimar{\~{a}}es, Frederico G},
    number = {},
    pages = {730 - 742},
    volume = {89},
    doi = {http://doi.org/10.1016/j.renene.2015.11.084},
    issn = {0960-1481}
}

@article{Das2013Multi-objectiveDesign,
    title = {{Multi-objective optimization framework for networked predictive controller design}},
    year = {2013},
    journal = {{\{}ISA{\}} Transactions},
    author = {Das, Sourav and Das, Saptarshi and Pan, Indranil},
    number = {1},
    pages = {56 - 77},
    volume = {52},
    doi = {10.1016/j.isatra.2012.09.004},
    issn = {0019-0578},
    keywords = {Linear Matrix Inequality (LMI)}
}

@incollection{Marti2003Multi-StartMethods,
    title = {{Multi-Start Methods}},
    year = {2003},
    booktitle = {Handbook of Metaheuristics},
    author = {Mart{\'{i}}, R},
    editor = {Glover, Fred and Kochenberger, Gary},
    pages = {355--368},
    series = {International Series in Operations Research {\&} amp; Management Science},
    volume = {57},
    publisher = {Springer New York}
}

@incollection{Zitzler1998MultiobjectiveStudy,
    title = {{Multiobjective optimization using evolutionary algorithms - A comparative case study}},
    year = {1998},
    booktitle = {Parallel Problem Solving from Nature - PPSN V},
    author = {Zitzler, E and Thiele, L},
    editor = {Eiben, Agoston and Back, Thomas and Schoenauer, Marc and Schwefel, Hans-Paul},
    pages = {292--301},
    series = {Lecture Notes in Computer Science},
    volume = {1498},
    publisher = {Springer Berlin / Heidelberg}
}

@techreport{Heiligtag2013Next-generationOptimize,
    title = {{Next-generation energy trading - An opportunity to optimize}},
    year = {2013},
    author = {Heiligtag, Sven and Poppensieker, Thomas and Wimschulte, Jens},
    number = {47},
    month = {11},
    howpublished = {Available at https://www.mckinsey.com/business-functions/risk/our-insights/next-generation-energy-trading-an-opportunity-to-optimize},
    institution = {McKinsey {\&} Company}
}

@misc{Souza2013NotasOtimizacao,
    title = {{Notas de aula: Intelig{\^{e}}ncia Computacional para Otimiza{\c{c}}{\~{a}}o}},
    year = {2013},
    author = {Souza, M J F},
    month = {5},
    url = {http://www.decom.ufop.br/prof/marcone}
}

@inproceedings{Mendes2001NP-Opt:Problems,
    title = {{NP-Opt: an optimization framework for NP problems}},
    year = {2001},
    booktitle = {Proceedings of the IV SIMPOI/POMS 2001},
    author = {Mendes, A and Fran{\c{c}}a, P and Moscato, P},
    pages = {11--14},
    volume = {},
    address = {Guaruj{\~{A}}¡, S{\~{a}}o Paulo}
}

@inproceedings{Mihaylov2014NRGcoin:Grids.,
    title = {{NRGcoin: Virtual currency for trading of renewable energy in smart grids.}},
    year = {2014},
    booktitle = {11th International Conference on the European Energy Market (EEM14)},
    author = {Mihaylov, Mihail and Jurado, Sergio and Avellana, Narcís and Van Moffaert, Kristof and Magrans de Abril, Ildefons and Now{\'{e}}, Ann},
    url = {https://ieeexplore.ieee.org/document/6861213/references},
    doi = {10.1109/EEM.2014.6861213}
}

@misc{ONS2017ORelacionamentos,
    title = {{O ONS: Relacionamentos}},
    year = {2017},
    author = {{ONS}},
    howpublished = {Dispon{\'{i}}vel em: http://www.ons.org.br/institucional{\_}linguas/relacionamentos.aspx}
}

@misc{Aleixo2016OBlockchain,
    title = {{O potencial transformador da tecnologia blockchain}},
    year = {2016},
    author = {Aleixo, Gabriel},
    month = {11},
    howpublished = {Dispon{\'{i}}vel em: https://feed.itsrio.org/o-potencial-transformador-da-tecnologia-blockchain-777a5edf6a29}
}

@article{Watanabe2001OnDisturbances,
    title = {{On sampling the degree-of-freedom of Student's-t disturbances }},
    year = {2001},
    journal = {Statistics {\&} Probability Letters },
    author = {Watanabe, Toshiaki},
    number = {2},
    pages = {177 - 181},
    volume = {52},
    issn = {0167-7152}
}

@article{Afzal2011OnReview,
    title = {{On the application of genetic programming for software engineering predictive modeling: A systematic review}},
    year = {2011},
    journal = {Expert Systems with Applications},
    author = {Afzal, Wasif and Torkar, Richard},
    number = {9},
    pages = {11984 - 11997},
    volume = {38},
    doi = {10.1016/j.eswa.2011.03.041},
    issn = {0957-4174},
    keywords = {Modeling}
}

@article{Beume2009OnIndicator,
    title = {{On the Complexity of Computing the Hypervolume Indicator}},
    year = {2009},
    journal = {Evolutionary Computation, IEEE Transactions on},
    author = {Beume, N and Fonseca, C M and Lopez-Ibanez, M and Paquete, L and Vahrenhold, J},
    number = {5},
    pages = {1075 -1082},
    volume = {13},
    doi = {10.1109/TEVC.2009.2015575}
}

@inproceedings{Alvarez2009On-lineSystem,
    title = {{On-line minimization of running costs, greenhouse gas emissions and the impact of distributed generation using microgrids on the electrical system}},
    year = {2009},
    booktitle = {Sustainable Alternative Energy (SAE), 2009 IEEE PES/IAS Conference on},
    author = {Alvarez, E and Lopez, A C and G{\'{o}}mez-Aleixandre, J and de Abajo, N},
    month = {9},
    pages = {1--10},
    doi = {10.1109/SAE.2009.5534847}
}

@article{Bacher2009OnlineForecasting,
    title = {{Online short-term solar power forecasting }},
    year = {2009},
    journal = {Solar Energy },
    author = {Bacher, Peder and Madsen, Henrik and Nielsen, Henrik Aalborg},
    number = {10},
    pages = {1772 - 1783},
    volume = {83},
    issn = {0038-092X}
}

@inproceedings{Macedo2014OPERAcAORENOVAVEIS,
    title = {{OPERA{\c{c}}{\~{A}}O {\'{O}}TIMA DE SISTEMAS DE ARMAZENAMENTO DE ENERGIA EM SMART GRIDS COM FONTES RENOV{\'{A}}VEIS}},
    year = {2014},
    booktitle = {Anais do XX Congresso Brasileiro de Autom{\'{a}}tica},
    author = {Macedo, L H and Franco, J F and Rider, M J and Romero, R},
    address = {Belo Horizonte/MG}
}

@article{Dimeas2005OperationControl,
    title = {{Operation of a Multiagent System for Microgrid Control}},
    year = {2005},
    journal = {Power Systems, IEEE Transactions on},
    author = {Dimeas, A L and Hatziargyriou, N D},
    number = {3},
    month = {8},
    pages = {1447--1455},
    volume = {20},
    doi = {10.1109/TPWRS.2005.852060},
    issn = {0885-8950}
}

@inproceedings{Coelho2010OptFrame:Problems,
    title = {{OptFrame: a computational framework for combinatorial optimization problems}},
    year = {2010},
    booktitle = {XLII Simp{\'{o}}sio Brasileiro de Pesquisa Operacional},
    author = {Coelho, I M and Ribas, S and Perche, M H P and Munhoz, P L A and Souza, M J F and Ochi, L S},
    pages = {1887 - 1898},
    address = {Bento Gon{\c{c}}alves, RS}
}

@article{Battistelli2012OptimalSources,
    title = {{Optimal energy management of small electric energy systems including {\{}V2G{\}} facilities and renewable energy sources }},
    year = {2012},
    journal = {Electric Power Systems Research },
    author = {Battistelli, C and Baringo, L and Conejo, A J},
    number = {0},
    pages = {50 - 59},
    volume = {92},
    doi = {http://dx.doi.org/10.1016/j.epsr.2012.06.002},
    issn = {0378-7796}
}

@inproceedings{Venayagamoorthy2014OptimalGrid,
    title = {{Optimal fuzzy logic based coordination controller for improved transient stability of a smart grid}},
    year = {2014},
    booktitle = {Fuzzy Systems (FUZZ-IEEE), 2014 IEEE International Conference on},
    author = {Venayagamoorthy, G K and Chakravarty, P},
    month = {7},
    pages = {346--353},
    doi = {10.1109/FUZZ-IEEE.2014.6891824}
}

@article{Rigo-Mariani2014OptimalStorage,
    title = {{Optimal power dispatching strategies in smart-microgrids with storage }},
    year = {2014},
    journal = {Renewable and Sustainable Energy Reviews },
    author = {Rigo-Mariani, Rémy and Sareni, Bruno and Roboam, Xavier and Turpin, Christophe},
    number = {0},
    pages = {649 - 658},
    volume = {40},
    doi = {http://dx.doi.org/10.1016/j.rser.2014.07.138},
    issn = {1364-0321}
}

@article{Levron2013OptimalStorage,
    title = {{Optimal Power Flow in Microgrids With Energy Storage}},
    year = {2013},
    journal = {Power Systems, IEEE Transactions on},
    author = {Levron, Y and Guerrero, J M and Beck, Y},
    number = {3},
    month = {8},
    pages = {3226--3234},
    volume = {28}
}

@article{Alavi2015OptimalMethod,
    title = {{Optimal probabilistic energy management in a typical micro-grid based-on robust optimization and point estimate method }},
    year = {2015},
    journal = {Energy Conversion and Management },
    author = {Alavi, Seyed Arash and Ahmadian, Ali and Aliakbar-Golkar, Masoud},
    number = {0},
    pages = {314 - 325},
    volume = {95},
    doi = {http://dx.doi.org/10.1016/j.enconman.2015.02.042},
    issn = {0196-8904}
}

@article{Kirkpatrick1983OptimizationAnnealing,
    title = {{Optimization by Simulated Annealing}},
    year = {1983},
    journal = {Science},
    author = {Kirkpatrick, S and Gelatt, C D and Vecchi, M P},
    number = {13},
    month = {5},
    pages = {671--680},
    volume = {4598},
    url = {citeseer.ist.psu.edu/kirkpatrick83optimization.html}
}

@article{Fathima2015OptimizationReview,
    title = {{Optimization in microgrids with hybrid energy systems - A review }},
    year = {2015},
    journal = {Renewable and Sustainable Energy Reviews },
    author = {Fathima, A Hina and Palanisamy, K},
    number = {0},
    pages = {431 - 446},
    volume = {45},
    doi = {http://dx.doi.org/10.1016/j.rser.2015.01.059},
    issn = {1364-0321}
}

@article{Camposeco-Negrete2013OptimizationANOVA,
    title = {{Optimization of cutting parameters for minimizing energy consumption in turning of {\{}AISI{\}} 6061 {\{}T6{\}} using{\\\}Taguchi methodology and {\{}ANOVA{\}} }},
    year = {2013},
    journal = {Journal of Cleaner Production },
    author = {Camposeco-Negrete, Carmita},
    number = {0},
    volume = {},
    doi = {10.1016/j.jclepro.2013.03.049},
    issn = {0959-6526}
}

@book{Pacitti2012P2PApplications,
    title = {{P2P Techniques for Decentralized Applications}},
    year = {2012},
    author = {Pacitti, Esther and Akbarinia, Reza and El-Dick, Manal},
    edition = {},
    series = {Synthesis Lectures on Data Management},
    volume = {},
    publisher = {Morgan {\&} Claypool Publishers},
    isbn = {1608458229,9781608458226}
}

@book{Pacitti2012P2PApplicationsb,
    title = {{P2P Techniques for Decentralized Applications}},
    year = {2012},
    author = {Pacitti, Esther and Akbarinia, Reza and El-Dick, Manal},
    edition = {},
    series = {Synthesis Lectures on Data Management},
    volume = {},
    publisher = {Morgan {\&} Claypool Publishers},
    isbn = {1608458229,9781608458226}
}

@article{Cahon2004ParadisEO:Metaheuristics,
    title = {{ParadisEO: A Framework for the Reusable Design of Parallel{\\\}and Distributed Metaheuristics}},
    year = {2004},
    journal = {Journal of Heuristics},
    author = {Cahon, S and Melab, N and Talbi, E.-G.},
    number = {3},
    pages = {357--380},
    volume = {10},
    publisher = {Kluwer Academic Publishers},
    address = {Hingham, MA, USA}
}

@article{McshaneMaryandMeyer1982ParkingNeeds,
    title = {{Parking policy and urban goals: Linking strategy to needs}},
    year = {1982},
    journal = {Transportation},
    author = {Mcshane Mary{\\\}and Meyer, Michael D},
    number = {2},
    pages = {131--152},
    volume = {11},
    doi = {10.1007/BF00167928},
    issn = {1572-9435}
}

@article{Ribeiro2012Path-relinkingAlgorithms,
    title = {{Path-relinking intensification methods for stochastic local{\\\}search algorithms}},
    year = {2012},
    journal = {J. Heuristics},
    author = {Ribeiro, Celso C and Resende, Mauricio G C},
    number = {2},
    pages = {193--214},
    volume = {18}
}

@article{Ribeiro2012Path-relinkingAlgorithmsb,
    title = {{Path-relinking intensification methods for stochastic local search algorithms}},
    year = {2012},
    journal = {Journal of Heuristics},
    author = {Ribeiro, C C and Resende, M G C},
    pages = {193--214},
    volume = {18},
    publisher = {Springer Netherlands}
}

@article{Ackermann2017PavingWay,
    title = {{Paving the way}},
    year = {2017},
    journal = {IEEE Power {\&} Energy Magazine},
    author = {Ackermann, Thomas and Prevost, Thibault and Vittal, Vijay and Roscoe, Andrew J and Matevosyan, Julia and Miller, Nicholas},
    number = {6},
    pages = {61 - 69},
    volume = {15},
    doi = {10.1109/MPE.2017.2729138},
    issn = {1540-7977}
}

@misc{ANEEL2016Perguntas482/2012,
    title = {{Perguntas e Respostas sobre a aplica{\c{c}}{\~{a}}o da Resolu{\c{c}}{\~{a}}o Normativa n{\textordmasculine} 482/2012}},
    year = {2016},
    author = {{ANEEL}},
    month = {3},
    howpublished = {Dispon{\'{i}}vel em: http://www2.aneel.gov.br/arquivos/PDF/FAQ{\_}GD{\_}Atualizado.pdf}
}

@article{Batista2013PhotovoltaicGrid,
    title = {{Photovoltaic and wind energy systems monitoring and building/home energy management using ZigBee devices within a smart grid }},
    year = {2013},
    journal = {Energy },
    author = {Batista, N C and Mel{\'{i}}cio, R and Matias, J C O and Catal{\~{a}}o, J P S},
    number = {0},
    pages = {306 - 315},
    volume = {49},
    doi = {http://dx.doi.org/10.1016/j.energy.2012.11.002},
    issn = {0360-5442},
    keywords = {Smart grid}
}

@unpublished{deOliveira2006PlanejamentoNacional,
    title = {{Planejamento da opera{\c{c}}{\~{a}}o do Sistema Interligado Nacional}},
    year = {2006},
    author = {de Oliveira, Francisco José Arteiro},
    month = {11}
}

@article{Battarra2016PlanningChallenges,
    title = {{Planning in the era of Information and Communication Technologies. Discussing the ``label: Smart" in South-European cities with environmental and socio-economic challenges}},
    year = {2016},
    journal = {Cities},
    author = {Battarra, R and Gargiulo, C and Pappalardo, G and Boiano, D A and Oliva, J S},
    pages = {1--7},
    volume = {59},
    doi = {10.1016/j.cities.2016.05.007}
}

@misc{Merz2016PotentialTrading,
    title = {{Potential of the Blockchain Technology in Energy Trading}},
    year = {2016},
    author = {Merz, Michael},
    month = {10},
    howpublished = {Dispon{\'{i}}vel em: http://www.ponton.de/downloads/mm/Potential-of-the-Blockchain-Technology-in-Energy-Trading{\_}Merz{\_}2016.en.pdf}
}

@article{Romo2015PowerMicro-grids,
    title = {{Power quality of actual grids with plug-in electric vehicles in presence of renewables and micro-grids }},
    year = {2015},
    journal = {Renewable and Sustainable Energy Reviews },
    author = {Romo, R and Micheloud, O},
    number = {0},
    pages = {189 - 200},
    volume = {46},
    doi = {http://dx.doi.org/10.1016/j.rser.2015.02.014},
    issn = {1364-0321}
}

@misc{CCEE2017Precos,
    title = {{Pre{\c{c}}os}},
    year = {2017},
    author = {CCEE, Câmara de Comercialização de Energia Elétrica},
    howpublished = {Dispon{\'{i}}vel em: https://www.ccee.org.br/portal/faces/oquefazemos{\_}menu{\_}lateral/precos}
}

@article{Vladislavleva2013PredictingCorrelation,
    title = {{Predicting the energy output of wind farms based on weather data: Important variables and their correlation}},
    year = {2013},
    journal = {Renewable Energy},
    author = {Vladislavleva, Ekaterina and Friedrich, Tobias and Neumann, Frank and Wagner, Markus},
    number = {0},
    pages = {236 - 243},
    volume = {50},
    doi = {10.1016/j.renene.2012.06.036},
    issn = {0960-1481},
    keywords = {DataModeler}
}

@article{Fallah-Mehdipour2013PredictionProgramming,
    title = {{Prediction and simulation of monthly groundwater levels by genetic programming}},
    year = {2013},
    journal = {Journal of Hydro-environment Research},
    author = {Fallah-Mehdipour, E and Haddad, O Bozorg and Mari{\~{n}}o, M A},
    number = {0},
    pages = { - },
    volume = {},
    doi = {10.1016/j.jher.2013.03.005},
    issn = {1570-6443}
}

@article{Kashid2012PredictionProgramming,
    title = {{Prediction of monthly rainfall on homogeneous monsoon regions of India based on large scale circulation patterns using Genetic Programming}},
    year = {2012},
    journal = {Journal of Hydrology},
    author = {Kashid, Satishkumar S and Maity, Rajib},
    number = {0},
    pages = {26 - 41},
    volume = {454 - 455},
    doi = {10.1016/j.jhydrol.2012.05.033},
    issn = {0022-1694},
    keywords = {Indian Summer Monsoon Rainfall (ISMR)}
}

@article{Kou2015ProbabilisticLearning,
    title = {{Probabilistic electricity price forecasting with variational heteroscedastic Gaussian process and active learning }},
    year = {2015},
    journal = {Energy Conversion and Management },
    author = {Kou, Peng and Liang, Deliang and Gao, Lin and Lou, Jianyong},
    number = {0},
    pages = {298 - 308},
    volume = {89},
    doi = {http://dx.doi.org/10.1016/j.enconman.2014.10.003},
    issn = {0196-8904}
}

@article{Hong2016ProbabilisticBeyond,
    title = {{Probabilistic energy forecasting: Global energy forecasting competition 2014 and beyond}},
    year = {2016},
    journal = {International Journal of Forecasting},
    author = {Hong, Tao and Pinson, Pierre and Fan, Shu and Zareipour, Hamidreza and Troccoli, Alberto and Hyndman, Rob J},
    number = {3},
    pages = {896--913},
    volume = {32},
    publisher = {Elsevier}
}

@article{Aiex2002ProbabilityInvestigation,
    title = {{Probability distribution of solution time in GRASP: An experimental investigation}},
    year = {2002},
    journal = {Journal of Heuristics},
    author = {Aiex, R M and Resende, M G C and Ribeiro, C C},
    pages = {343--373},
    volume = {8},
    publisher = {Springer}
}

@misc{Eletrobras2017PROGRAMAS:PROINFA,
    title = {{PROGRAMAS: PROINFA}},
    year = {2017},
    author = {{Eletrobras}},
    howpublished = {Dispon{\'{i}}vel em: http://www.eletrobras.com/elb/ProinfA/data/Pages/LUMISABB61D26PTBRIE.htm}
}

@article{UnitedNationsDepartmentofEconomicandSocialAffairsDivisionforSocialPolicyandDevelopment2013PromotingAll,
    title = {{Promoting Empowerment of People in achieving poverty eradication , social integration and full employment integration and full employment and decent work for all}},
    year = {2013},
    author = {{United Nations Department of Economic and Social Affairs Division for Social Policy and Development}},
    pages = {1--174}
}

@article{UnitedNationsDepartmentofEconomicandSocialAffairsDivisionforSocialPolicyandDevelopment2013PromotingAllb,
    title = {{Promoting Empowerment of People in achieving poverty eradication , social integration and full employment integration and full employment and decent work for all}},
    year = {2013},
    author = {{United Nations Department of Economic and Social Affairs Division for Social Policy and Development}},
    pages = {1--174}
}

@article{Geiger2004RandomisedOptimisation,
    title = {{Randomised Variable Neighbourhood Search for Multi Objective Optimisation}},
    year = {2004},
    journal = {In Proceedings of the 4th EUME Workshop Design and Evaluation of{\\\}Advanced Hybrid MetaHeuristics},
    author = {Geiger, Martin Josef},
    number = {Nottingham, United Kingdom,},
    pages = {34--42},
    volume = {November 4},
    url = {http://arxiv.org/abs/0809.0271}
}

@article{Bounechba2016RealSystem,
    title = {{Real time simulation of MPPT algorithms for PV energy system}},
    year = {2016},
    journal = {International Journal of Electrical Power and Energy Systems},
    author = {Bounechba, Hadjer and Bouzid, Aissa and Snani, Hamza and Lashab, Abderrazak},
    doi = {10.1016/j.ijepes.2016.03.041},
    issn = {01420615},
    keywords = {CPA, FSCC, MPPT, Photovoltaic system, dSPACE}
}

@article{Bounechba2016RealSystemb,
    title = {{Real time simulation of MPPT algorithms for PV energy system}},
    year = {2016},
    journal = {International Journal of Electrical Power and Energy Systems},
    author = {Bounechba, Hadjer and Bouzid, Aissa and Snani, Hamza and Lashab, Abderrazak},
    doi = {10.1016/j.ijepes.2016.03.041},
    issn = {01420615},
    keywords = {CPA, FSCC, MPPT, Photovoltaic system, dSPACE}
}

@inproceedings{Kolter2011REDD:Research,
    title = {{REDD: A public data set for energy disaggregation research}},
    year = {2011},
    booktitle = {Workshop on Data Mining Applications in Sustainability (SIGKDD), San Diego, CA},
    author = {Kolter, J Zico and Johnson, Matthew J}
}

@unpublished{Cebolo2012ReestruturacaoBrasileiro,
    title = {{Reestrutura{\c{c}}{\~{a}}o do Setor El{\'{e}}trico Brasileiro}},
    year = {2012},
    author = {C{\'{e}}bolo, Arnaldo dos Santos}
}

@article{Manchester2015RegenerativeCommunities,
    title = {{Regenerative air energy storage for remote wind-diesel micro-grid communities }},
    year = {2015},
    journal = {Applied Energy },
    author = {Manchester, Sebastian C and Swan, Lukas G and Groulx, Dominic},
    number = {0},
    pages = {490 - 500},
    volume = {137},
    doi = {http://dx.doi.org/10.1016/j.apenergy.2014.06.070},
    issn = {0306-2619}
}

@misc{InstitutoIDEAL2017Regulamentacao,
    title = {{Regulamenta{\c{c}}{\~{a}}o}},
    year = {2017},
    author = {Instituto IDEAL, América do Sol},
    howpublished = {Dispon{\'{i}}vel em: http://americadosol.org/regulamentacao/}
}

@article{Gupta2013ReviewUAS,
    title = {{Review of unmanned aircraft system (UAS)}},
    year = {2013},
    journal = {International Journal of Advanced Research in Computer Engineering {\&} Technology},
    author = {Gupta, Suraj G and Ghonge, Mangesh M and Jawandhiya, P M},
    number = {4},
    volume = {2}
}

@article{Zhang2014ReviewGeneration,
    title = {{Review on probabilistic forecasting of wind power generation }},
    year = {2014},
    journal = {Renewable and Sustainable Energy Reviews },
    author = {Zhang, Yao and Wang, Jianxue and Wang, Xifan},
    number = {0},
    pages = {255 - 270},
    volume = {32},
    doi = {http://dx.doi.org/10.1016/j.rser.2014.01.033},
    issn = {1364-0321}
}

@article{Ledoit2008RobustRatio,
    title = {{Robust performance hypothesis testing with the Sharpe ratio }},
    year = {2008},
    journal = {Journal of Empirical Finance },
    author = {Ledoit, O and M., Wolf},
    number = {5},
    pages = {850 - 859},
    volume = {15},
    doi = {http://dx.doi.org/10.1016/j.jempfin.2008.03.002},
    issn = {0927-5398}
}

@article{Mohammadi2014Scenario-basedDevices,
    title = {{Scenario-based stochastic operation management of MicroGrid including Wind, Photovoltaic, Micro-Turbine, Fuel Cell and Energy Storage Devices }},
    year = {2014},
    journal = {International Journal of Electrical Power {\&} Energy Systems },
    author = {Mohammadi, Sirus and Soleymani, Soodabeh and Mozafari, Babak},
    number = {0},
    pages = {525 - 535},
    volume = {54},
    doi = {http://dx.doi.org/10.1016/j.ijepes.2013.08.004},
    issn = {0142-0615}
}

@article{Clarke1964SchedulingPoints,
    title = {{Scheduling of Vehicles from a Central Depot to a Number of Delivery Points}},
    year = {1964},
    journal = {Operations Research},
    author = {Clarke, G and Wright, J W},
    number = {4},
    pages = {568--581},
    volume = {12}
}

@misc{CCEE2017SetorEletrico,
    title = {{Setor el{\'{e}}trico}},
    year = {2017},
    author = {CCEE, Câmara de Comercialização de Energia Elétrica},
    howpublished = {Dispon{\'{i}}vel em: www.ccee.org.br/portal/faces/pages{\_}publico/onde-atuamos/setor{\_}eletrico?{\_}adf.ctrl-state=vffa9v100{\_}14{\&}{\_}afrLoop=168307393406329}
}

@misc{Costellini2014SetorFinanceiro,
    title = {{Setor El{\'{e}}trico: da MP 579 ao pacote financeiro}},
    year = {2014},
    author = {Costellini, Clara and Hollanda, Lavinia},
    month = {3},
    howpublished = {Dispon{\'{i}}vel em: http://fgvenergia.fgv.br/artigos/setor-eletrico-da-mp-579-ao-pacote-financeiro}
}

@article{Cohen2016SharingFramework,
    title = {{Sharing cities and sustainable consumption and production: towards an integrated framework }},
    year = {2016},
    journal = {Journal of Cleaner Production },
    author = {Cohen, Boyd and Mu{\~{n}}oz, Pablo},
    number = {},
    pages = {87 - 97},
    volume = {134, Part A},
    doi = {http://dx.doi.org/10.1016/j.jclepro.2015.07.133},
    issn = {0959-6526}
}

@article{Amjady2010Short-TermStrategy,
    title = {{Short-Term Load Forecast of Microgrids by a New Bilevel Prediction Strategy}},
    year = {2010},
    journal = {Smart Grid, IEEE Transactions on},
    author = {Amjady, N and Keynia, F and Zareipour, H},
    number = {3},
    month = {12},
    pages = {286--294},
    volume = {1},
    issn = {1949-3053}
}

@article{Taylor2007Short-TermData,
    title = {{Short-Term Load Forecasting Methods: An Evaluation Based on European Data}},
    year = {2007},
    journal = {Power Systems, IEEE Transactions on},
    author = {Taylor, J W and McSharry, P E},
    number = {4},
    pages = {2213--2219},
    volume = {22},
    issn = {0885-8950}
}

@inproceedings{Wai2011Short-termRates,
    title = {{Short-term load forecasting via fuzzy neural network with varied learning rates}},
    year = {2011},
    booktitle = {Fuzzy Systems (FUZZ), 2011 IEEE International Conference on},
    author = {Wai, Rong-Jong and Chen, Yi-Chang and Chang, Yung-Ruei},
    month = {6},
    pages = {2426--2431}
}

@article{Zhang2013Short-termModel,
    title = {{Short-term wind speed forecasting based on a hybrid model }},
    year = {2013},
    journal = {Applied Soft Computing },
    author = {Zhang, Wenyu and Wang, Jujie and Wang, Jianzhou and Zhao, Zengbao and Tian, Meng},
    number = {7},
    pages = {3225 - 3233},
    volume = {13},
    issn = {1568-4946}
}

@inproceedings{Karnouskos2009SimulationAgents,
    title = {{Simulation of a smart grid city with software agents}},
    year = {2009},
    booktitle = {Computer Modeling and Simulation, 2009. EMS'09. Third UKSim European Symposium on},
    author = {Karnouskos, Stamatis and De Holanda, Thiago Nass},
    pages = {424--429}
}

@inproceedings{Logan2007SmallVehicles,
    title = {{Small UAV research and evolution in long endurance electric powered vehicles}},
    year = {2007},
    booktitle = {AIAA Infotech@ Aerospace 2007 Conference and Exhibit, AIAA Paper},
    author = {Logan, Michael J and Chu, Julio and Motter, Mark A and Carter, Dennis L and Ol, Michael and Zeune, Cale},
    pages = {7--10},
    volume = {2730}
}

@book{Townsend2013SmartUtopia,
    title = {{Smart cities: Big data, civic hackers, and the quest for a new utopia}},
    year = {2013},
    author = {Townsend, Anthony M},
    publisher = {WW Norton {\&} Company}
}

@inproceedings{Kanchev2010SmartReduction,
    title = {{Smart monitoring of a microgrid including gas turbines and a dispatched PV-based active generator for energy management and emissions reduction}},
    year = {2010},
    booktitle = {Innovative Smart Grid Technologies Conference Europe (ISGT Europe), 2010 IEEE PES},
    author = {Kanchev, H and Lu, D and Francois, B and Lazarov, V},
    month = {10},
    pages = {1--8},
    doi = {10.1109/ISGTEUROPE.2010.5638875}
}

@article{Mankiw2009SmartClub,
    title = {{Smart Taxes: An Open Invitation to Join the Pigou Club}},
    year = {2009},
    journal = {Eastern Economic Journal},
    author = {Mankiw, N Gregory},
    number = {1},
    pages = {14--23},
    volume = {35},
    url = {http://dx.doi.org/10.1057/eej.2008.43},
    doi = {10.1057/eej.2008.43}
}

@book{R.N.TaylorN.Medvidovic2009SoftwarePractice,
    title = {{Software Architecture: Foundations, Theory, and Practice}},
    year = {2009},
    author = {R. N. Taylor N. Medvidovic, E M Dashofy},
    edition = {1},
    publisher = {Wiley},
    isbn = {0470167742,9780470167748}
}

@book{R.N.TaylorN.Medvidovic2009SoftwarePracticeb,
    title = {{Software Architecture: Foundations, Theory, and Practice}},
    year = {2009},
    author = {R. N. Taylor N. Medvidovic, E M Dashofy},
    edition = {1},
    publisher = {Wiley},
    isbn = {0470167742,9780470167748}
}

@article{Bocca2015SolarItaly,
    title = {{Solar energy potential assessment: An overview and a fast modeling approach with application to Italy}},
    year = {2015},
    journal = {Renewable and Sustainable Energy Reviews},
    author = {Bocca, Alberto and Chiavazzo, Eliodoro and Macii, Alberto and Asinari, Pietro},
    month = {9},
    pages = {291--296},
    volume = {49},
    publisher = {Pergamon},
    url = {https://www.sciencedirect.com/science/article/pii/S1364032115004086},
    doi = {10.1016/J.RSER.2015.04.138},
    issn = {1364-0321}
}

@article{Bocca2015SolarItalyb,
    title = {{Solar energy potential assessment: An overview and a fast modeling approach with application to Italy}},
    year = {2015},
    journal = {Renewable and Sustainable Energy Reviews},
    author = {Bocca, Alberto and Chiavazzo, Eliodoro and Macii, Alberto and Asinari, Pietro},
    month = {9},
    pages = {291--296},
    volume = {49},
    publisher = {Pergamon},
    url = {https://www.sciencedirect.com/science/article/pii/S1364032115004086},
    doi = {10.1016/J.RSER.2015.04.138},
    issn = {1364-0321}
}

@misc{SOLshare,
    title = {{SOLshare}},
    url = {https://www.me-solshare.com/}
}

@article{Dantzig1954SolutionProblem,
    title = {{Solution of a large-scale traveling-salesman problem}},
    year = {1954},
    journal = {Operations Research},
    author = {Dantzig, G and Fulkerson, R and Johnson, S},
    pages = {393--410},
    volume = {2}
}

@article{Zhang2013SolvingAlgorithm,
    title = {{Solving 0-1 knapsack problems based on amoeboid organism algorithm }},
    year = {2013},
    journal = {Applied Mathematics and Computation },
    author = {Zhang, Xiaoge and Huang, Shiyan and Hu, Yong and Zhang, Yajuan and Mahadevan, Sankaran and Deng, Yong},
    number = {19},
    pages = {9959 - 9970},
    volume = {219},
    issn = {0096-3003}
}

@inproceedings{Dorne2005SolvingIOpt,
    title = {{Solving Vehicle Routing using iOpt}},
    year = {2005},
    booktitle = {Proceedings of MIC 2005 - The 6th Metaheuristics International Conference},
    author = {Dorne, R and Mills, P and Voudouris, C},
    pages = {},
    volume = {},
    address = {Viena, {\'{A}}ustria}
}

@book{Klein2017SourcesDecisions,
    title = {{Sources of Power: How People Make Decisions}},
    year = {2017},
    author = {Klein, Gary A},
    edition = {Reprint},
    series = {},
    volume = {},
    publisher = {The MIT Press},
    isbn = {0262534290,9780262534291}
}

@inproceedings{Sun2013StudyTaiwan,
    title = {{Study on load forecasting of an actual micro-grid system in Taiwan}},
    year = {2013},
    booktitle = {Industrial Electronics (ISIE), 2013 IEEE International Symposium on},
    author = {Sun, Zhi-Chao and Chen, Tsai-Hsiang and Lian, Kuo-Lung and Kuo, Cheng-Chien and Cheng, I-Ta and Chang, Yung-Ruei and Ho, Yuan-Hsiang},
    month = {5},
    pages = {1--7}
}

@inproceedings{Tinador2008SuperconductingPerspective,
    title = {{Superconducting magnetic energy storage; status and Perspective}},
    year = {2008},
    booktitle = {IEEE/CSC{\&}ESAS European Superconductivity news forum},
    author = {Tinador, P},
    number = {3}
}

@book{Savitskii2012SuperconductingMaterials,
    title = {{Superconducting materials}},
    year = {2012},
    author = {Savitskii, E},
    publisher = {Springer Science {\&} Business Media}
}

@misc{ANEEL2016SuperintendenciaEletrica,
    title = {{Superintend{\^{e}}ncia de Gest{\~{a}}o Tarif{\'{a}}ria: A Tarifa de Energia El{\'{e}}trica}},
    year = {2016},
    author = {{ANEEL}},
    month = {11},
    howpublished = {Dispon{\'{i}}vel em: http://www.aneel.gov.br/tarifas}
}

@misc{ANEEL2017SuperintendenciaTarifa,
    title = {{Superintend{\^{e}}ncia de Gest{\~{a}}o Tarif{\'{a}}ria: Entendendo a Tarifa}},
    year = {2017},
    author = {{ANEEL}},
    month = {11},
    howpublished = {Dispon{\'{i}}vel em: http://goo.gl/rSZgYc}
}

@inproceedings{Graccho1999TabOOBuilder:Applications.,
    title = {{TabOOBuilder: An Object-Oriented Framework for Building Tabu Search Applications.}},
    year = {1999},
    booktitle = {Proceedings of the Third Metaheuristics International Conference},
    author = {Graccho, M and Porto, S C S},
    pages = {247--251},
    volume = {},
    address = {Angra dos Reis, Rio de Janeiro}
}

@book{Glover1997TabuSearch,
    title = {{Tabu Search}},
    year = {1997},
    author = {Glover, F and Laguna, M},
    publisher = {Kluwer Academic Publishers},
    address = {Boston},
    keywords = {PO}
}

@incollection{Glover1996TabuChallenges,
    title = {{Tabu Search and adaptive memory programming - advances, applications and challenges}},
    year = {1996},
    booktitle = {Interfaces in Computer Sciences and Operations Research},
    author = {Glover, F},
    editor = {Barr, R and Helgason, R and Kennington, J},
    chapter = {},
    pages = {1--75},
    series = {},
    publisher = {Kluwer Academic Publishers}
}

@misc{ABRADEE2017TarifasEnergia,
    title = {{Tarifas de Energia}},
    year = {2017},
    author = {{ABRADEE}},
    howpublished = {Dispon{\'{i}}vel em: http://www.abradee.com.br/setor-de-distribuicao/tarifas-de-energia/tarifas-de-energia}
}

@article{McHenry2013TechnicalRisks,
    title = {{Technical and governance considerations for advanced metering infrastructure/smart meters: Technology, security, uncertainty, costs, benefits, and risks }},
    year = {2013},
    journal = {Energy Policy },
    author = {McHenry, Mark P},
    pages = {834 - 842},
    volume = {59},
    doi = {http://dx.doi.org/10.1016/j.enpol.2013.04.048},
    issn = {0301-4215}
}

@article{McHenry2013TechnicalRisksb,
    title = {{Technical and governance considerations for advanced metering infrastructure/smart meters: Technology, security, uncertainty, costs, benefits, and risks }},
    year = {2013},
    journal = {Energy Policy },
    author = {McHenry, Mark P},
    pages = {834 - 842},
    volume = {59},
    doi = {http://dx.doi.org/10.1016/j.enpol.2013.04.048},
    issn = {0301-4215}
}

@article{Akinyele2016Techno-economicCountries,
    title = {{Techno-economic and life cycle environmental performance analyses of a solar photovoltaic microgrid system for developing countries}},
    year = {2016},
    journal = {Energy},
    author = {Akinyele, Daniel O. and Rayudu, Ramesh K.},
    month = {8},
    pages = {160--179},
    volume = {109},
    publisher = {Pergamon},
    url = {https://www.sciencedirect.com/science/article/pii/S0360544216304741},
    doi = {10.1016/J.ENERGY.2016.04.061},
    issn = {0360-5442}
}

@inproceedings{Gabrich2017TENDENCIASBLOCKCHAIN,
    title = {{TEND{\^{E}}NCIAS PARA SISTEMAS MICROGRIDS EM CIDADES INTELIGENTES: UMA VIS{\~{A}}O SOBRE A BLOCKCHAIN}},
    year = {2017},
    booktitle = {XLIX Simp{\'{o}}sio Brasileiro de Pesquisa Operacional},
    author = {Gabrich, Yuri B and Coelho, Igor M and Coelho, Vitor N},
    pages = {1 - 12},
    address = {Blumenau, SC}
}

@techreport{Tapscott2017TheInternet,
    title = {{The blockchain corridor: Building an Innovation Economy in the 2nd Era of the Internet}},
    year = {2017},
    author = {Tapscott, Don and Tapscott, Alex},
    month = {11},
    howpublished = {Available at http://dontapscott.com/BlockchainCorridorReport.pdf},
    institution = {The Tapscott Group},
    address = {Canada}
}

@techreport{Hahn2017The2017,
    title = {{The Brazilian Market Of Distributed Solar PV Generation – Annual Report 2017}},
    year = {2017},
    author = {Hahn, Philipp and Mighel{\~{a}}o, Taynara Reisner},
    month = {11},
    howpublished = {Available at: https://issuu.com/idealeco{\_}logicas/docs/estudoidealmercadofv2017{\_}en{\_}web},
    institution = {Instituto para o Desenvolvimento de Energias Alternativas na Am{\'{e}}rica Latina (IDEAL Institute) and C{\^{a}}mara de Com{\'{e}}rcio e Ind{\'{u}}stria Brasil-Alemanha (AHK-RJ)}
}

@techreport{WorldEnergyCouncil2017ThePaper,
    title = {{The developing role of blockchain - White Paper}},
    year = {2017},
    author = {{World Energy Council} and {PricewaterhouseCoopers (PwC)}},
    month = {11},
    howpublished = {Available at https://www.worldenergy.org/publications/2017/the-developing-role-of-blockchain/},
    institution = {World Energy Council},
    address = {London, United Kingdom}
}

@article{Gianelloni2017TheUtilities,
    title = {{The distributed electricity generation diffusion impact on the brazilian distribution utilities}},
    year = {2017},
    journal = {3rd International Conference on Energy and Environment: bringing together Engineering and Economics},
    author = {Gianelloni, Francesco and de Azevedo Dantas, Guilherme and Alves, Job Figueiredo and de Castro, Nivalde},
    month = {6},
    url = {https://goo.gl/5bmqU3},
    keywords = {Death Spiral, Distributed generation, Distribution utilities}
}

@phdthesis{daSilva2007TheRisk,
    title = {{The electricity generation sector in Brazil: the perception of regulatory and environmental risk}},
    year = {2007},
    author = {da Silva, Ludimila Lima},
    month = {11},
    howpublished = {Available at http://www.aneel.gov.br/trabalhos-academicos},
    school = {The George Washington University},
    address = {Washington, DC}
}

@article{Golden1984TheProblem,
    title = {{The fleet size and mix vehicle routing problem}},
    year = {1984},
    journal = {Computers {\&} OR},
    author = {Golden, Bruce L and Assad, Arjang A and Levy, Larry and Gheysens, Filip},
    pages = {49--66},
    volume = {}
}

@article{BenediktFrey2013The,
    title = {{the Future of Employment: How Susceptible Are Jobs To Computerisation? *}},
    year = {2013},
    author = {Benedikt Frey, Carl and Osborne, Michael A and Armstrong, Stuart and Bostrom, Nick and Chinellato, Eris and Cummins, Mark and Dewey, Daniel and Dorn, David and Flint, Alex and Goldin, Claudia and Muellbauer, John and Mueller, Vincent and Newman, Paul and {\'{O}} h{\'{E}}igeartaigh, Seán and Sandberg, Anders and Shanahan, Murray},
    pages = {1--72},
    doi = {10.1016/j.techfore.2016.08.019},
    issn = {<null>},
    keywords = {Employment, Occupational Choice, Skill Demand, Technological Change, Wage Inequal-ity}
}

@article{BenediktFrey2013Theb,
    title = {{the Future of Employment: How Susceptible Are Jobs To Computerisation? *}},
    year = {2013},
    author = {Benedikt Frey, Carl and Osborne, Michael A and Armstrong, Stuart and Bostrom, Nick and Chinellato, Eris and Cummins, Mark and Dewey, Daniel and Dorn, David and Flint, Alex and Goldin, Claudia and Muellbauer, John and Mueller, Vincent and Newman, Paul and {\'{O}} h{\'{E}}igeartaigh, Seán and Sandberg, Anders and Shanahan, Murray},
    pages = {1--72},
    doi = {10.1016/j.techfore.2016.08.019},
    issn = {<null>},
    keywords = {Employment, Occupational Choice, Skill Demand, Technological Change, Wage Inequal-ity}
}

@misc{HadeelAyedMohammadYifengZhao2016TheHive,
    title = {{The future of skyscrapers: A huge drone hive}},
    year = {2016},
    author = {Hadeel Ayed Mohammad Yifeng Zhao, Chengda Zhu},
    url = {http://www.evolo.us/competition/the-hive-drone-skyscraper/}
}

@article{2018TheRevolution,
    title = {{The Green Industrial Revolution}},
    year = {2018},
    journal = {Sustainable Cities and Communities Design Handbook},
    month = {1},
    pages = {11--31},
    publisher = {Butterworth-Heinemann},
    url = {https://www.sciencedirect.com/science/article/pii/B9780128139646000021},
    isbn = {9780128139646},
    doi = {10.1016/B978-0-12-813964-6.00002-1}
}

@article{Zhang2016TheConsumers,
    title = {{The impact of car specifications, prices and incentives for battery electric vehicles in Norway: Choices of heterogeneous consumers }},
    year = {2016},
    journal = {Transportation Research Part C: Emerging Technologies },
    author = {Zhang, Yingjie and Qian, Zhen (Sean) and Sprei, Frances and Li, Beibei},
    pages = {386 - 401},
    volume = {69},
    doi = {http://dx.doi.org/10.1016/j.trc.2016.06.014},
    issn = {0968-090X}
}

@article{Finney2012TheUK,
    title = {{The negative impacts of the global economic downturn on funding decentralised energy in the UK}},
    year = {2012},
    journal = {Energy Policy},
    author = {Finney, Karen N. and Sharifi, Vida N. and Swithenbank, Jim},
    month = {12},
    pages = {290--300},
    volume = {51},
    publisher = {Elsevier},
    url = {https://www.sciencedirect.com/science/article/pii/S0301421512006696},
    doi = {10.1016/J.ENPOL.2012.08.010},
    issn = {0301-4215}
}

@misc{Ali2017TheComputing,
    title = {{The next wave of computing}},
    year = {2017},
    author = {Ali, Muneeb},
    url = {https://medium.com/@muneeb/the-next-wave-of-computing-743295b4bc73}
}

@article{Zhuhadar2017TheSystems,
    title = {{The next wave of innovation-Review of smart cities intelligent operation systems}},
    year = {2017},
    journal = {Computers in Human Behavior},
    author = {Zhuhadar, Leyla and Thrasher, Evelyn and Marklin, Scarlett and de Pablos, Patricia Ordóñez},
    pages = {273--281},
    volume = {66},
    publisher = {Elsevier}
}

@unpublished{SennettTheCity,
    title = {{The Open City}},
    author = {Sennett, Richard},
    url = {https://goo.gl/m2u85a}
}

@article{Song2015TheAnalysis,
    title = {{The optimization of a hybrid energy storage system at subzero temperatures: Energy management strategy design and battery heating requirement analysis }},
    year = {2015},
    journal = {Applied Energy },
    author = {Song, Ziyou and Hofmann, Heath and Li, Jianqiu and Hou, Jun and Zhang, Xiaowu and Ouyang, Minggao},
    pages = {576 - 588},
    volume = {159},
    doi = {http://dx.doi.org/10.1016/j.apenergy.2015.08.120},
    issn = {0306-2619}
}

@article{Lew2017TheSmall,
    title = {{The Power of Small}},
    year = {2017},
    journal = {IEEE Power {\&} Energy Magazine},
    author = {Lew, Debra and Asano, Marc and Boemer, Jens and Ching, Colton and Focken, Ulrich and Hydzik, Richard and Lange, Matthias and Motley, Amber},
    number = {6},
    pages = {50 - 60},
    volume = {15},
    doi = {10.1109/MPE.2017.2729104},
    issn = {1540-7977}
}

@article{Sharpe1994TheRatio,
    title = {{The Sharpe Ratio}},
    year = {1994},
    journal = {The Journal of Portfolio Management},
    author = {Sharpe, William F},
    number = {1},
    pages = {49 - 58},
    volume = {21},
    doi = {http://10.3905/jpm.1994.409501}
}

@book{Gellings2009TheResponse,
    title = {{The Smart Grid: Enabling Energy Efficiency and Demand Response}},
    year = {2009},
    author = {Gellings, Clark W},
    edition = {},
    number = {},
    month = {11},
    volume = {},
    publisher = {The Fairmont Press},
    address = {},
    isbn = {ISBN 0-88173-624-4}
}

@incollection{Nations2075TheReport,
    title = {{The Sustainable Development Goals Report}},
    year = {2075},
    author = {Nations, United},
    url = {https://unstats.un.org/sdgs/files/report/2017/TheSustainableDevelopmentGoalsReport2017.pdf}
}

@book{Applegate2007TheMathematics,
    title = {{The Traveling Salesman Problem: A Computational Study (Princeton Series in Applied Mathematics)}},
    year = {2007},
    author = {Applegate, David L and Bixby, Robert E and Chvatal, Vasek and Cook, William J},
    publisher = {Princeton University Press},
    address = {Princeton, NJ, USA},
    isbn = {0691129932, 9780691129938}
}

@article{Gangui2012TheSeries,
    title = {{The Ultra-short Term Prediction of Wind Power Based on Chaotic Time Series }},
    year = {2012},
    journal = {Energy Procedia },
    author = {Gangui, Yan and Yu, Liu and Gang, Mu and Yang, Cui and Junhui, Li and Jigang, Liu and Lei, Meng},
    number = {0},
    pages = {1490 - 1496},
    volume = {17, Part B},
    issn = {1876-6102}
}

@book{Garcia2006TheoryDynamics,
    title = {{Theory and practical exercises of system dynamics}},
    year = {2006},
    author = {Garc{\textbackslash}'{\textbackslash}ia, Juan Mart\'\in},
    publisher = {MIT Sloan School of Management}
}

@inproceedings{Kolmogorov2015Theory-guidedMaterials,
    title = {{Theory-guided discovery of new superconducting materials}},
    year = {2015},
    booktitle = {APS Meeting Abstracts},
    author = {Kolmogorov, Aleksey},
    pages = {16001},
    volume = {1}
}

@misc{CCEE2017TiposLeiloes,
    title = {{Tipos de Leilões}},
    year = {2017},
    author = {CCEE, Câmara de Comercialização de Energia Elétrica},
    howpublished = {Dispon{\'{i}}vel em: https://www.ccee.org.br/portal/faces/pages{\_}publico/o-que-fazemos/como{\_}ccee{\_}atua/tipos{\_}leiloes{\_}n{\_}logado?{\_}afrLoop=39098274962325{\#}!{\%}40{\%}40{\%}3F{\_}afrLoop{\%}3D39098274962325{\%}26{\_}adf.ctrl-state{\%}3D14t2dvalaq{\_}4}
}

@article{Forouzanfar2012TransportProgramming,
    title = {{Transport energy demand forecast using multi-level genetic programming}},
    year = {2012},
    journal = {Applied Energy},
    author = {Forouzanfar, Mehdi and Doustmohammadi, A and Hasanzadeh, Samira and G, H Shakouri},
    number = {1},
    pages = {496 - 503},
    volume = {91},
    doi = {10.1016/j.apenergy.2011.08.018},
    issn = {0306-2619},
    keywords = {Modeling}
}

@phdthesis{Or1976TravelingBanking,
    title = {{Traveling salesman-type combinational problems and their relation to the logistics of blood banking}},
    year = {1976},
    author = {Or, I},
    school = {Northwestern University},
    address = {USA}
}

@article{Olivares2014TrendsControl,
    title = {{Trends in Microgrid Control}},
    year = {2014},
    journal = {Smart Grid, IEEE Transactions on},
    author = {Olivares, D E and Mehrizi-Sani, A and Etemadi, A H and Canizares, C A and Iravani, R and Kazerani, M and Hajimiragha, A H and Gomis-Bellmunt, O and Saeedifard, M and Palma-Behnke, R and Jimenez-Estevez, G A and Hatziargyriou, N D},
    number = {4},
    month = {7},
    pages = {1905--1919},
    volume = {5},
    doi = {10.1109/TSG.2013.2295514},
    issn = {1949-3053}
}

@article{Aiex2007TTTplots:Plots,
    title = {{TTTplots: a perl program to create time-to-target plots}},
    year = {2007},
    journal = {Optimization Letters},
    author = {Aiex, Renata and Resende, Mauricio and Ribeiro, Celso},
    number = {4},
    pages = {355--366},
    volume = {1},
    publisher = {Springer Berlin / Heidelberg}
}

@article{Prins2009TwoProblems,
    title = {{Two memetic algorithms for heterogeneous fleet vehicle routing problems}},
    year = {2009},
    journal = {Eng. Appl. of AI},
    author = {Prins, Christian},
    number = {6},
    pages = {916--928},
    volume = {22}
}

@article{Georgopoulou2009Two-levelProblems,
    title = {{Two-level, two-objective evolutionary algorithms for solving unit commitment problems }},
    year = {2009},
    journal = {Applied Energy },
    author = {Georgopoulou, Chariklia A and Giannakoglou, Kyriakos C},
    number = {7-8},
    pages = {1229 - 1239},
    volume = {86},
    doi = {http://dx.doi.org/10.1016/j.apenergy.2008.08.001},
    issn = {0306-2619},
    keywords = {Stochastic power demand distribution}
}

@article{Lust2010Two-phaseProblem,
    title = {{Two-phase Pareto local search for the biobjective traveling salesman problem}},
    year = {2010},
    journal = {Journal of Heuristics},
    author = {Lust, Thibaut and Teghem, Jacques},
    number = {3},
    pages = {475--510},
    volume = {16},
    publisher = {Springer Netherlands},
    issn = {1381-1231}
}

@incollection{Enright2015UAVEnvironments,
    title = {{UAV routing and coordination in stochastic, dynamic environments}},
    year = {2015},
    booktitle = {Handbook of Unmanned Aerial Vehicles},
    author = {Enright, John J and Frazzoli, Emilio and Pavone, Marco and Savla, Ketan},
    pages = {2079--2109},
    publisher = {Springer}
}

@inproceedings{Coelho2011UmLavra,
    title = {{Um Algoritmo Baseado em Estrat{\'{e}}gias Evolutivas para o Problema de Planejamento Operacional de Lavra}},
    year = {2011},
    booktitle = {Anais XIV Simp{\'{o}}sio de Pesquisa Operacional {\&} Log{\'{i}}stica da Marinha (SPOLM)},
    author = {Coelho, V N and Souza, M J F and Coelho, I M and Guimar{\~{a}}es, F G and Coelho, B N},
    pages = {1--12},
    volume = {1},
    address = {Rio de Janeiro/RJ}
}

@inproceedings{Munhoz2012UmPeriodico,
    title = {{Um algoritmo baseado em Iterated Local Search para o Problema de Roteamento de Ve{\'{i}}culos Peri{\'{o}}dico}},
    year = {2012},
    booktitle = {Anais XXXII Encontro Nacional de Engenharia de Produ{\c{c}}{\~{a}}o (ENEGEP)},
    author = {Munhoz, P L A and Ochi, L S and Souza, M J F},
    pages = {1--15},
    volume = {1},
    address = {Bento Gon{\c{c}}alves/RS}
}

@article{Dobschinski2017UncertaintyNutshell,
    title = {{Uncertainty forecasting in a nutshell}},
    year = {2017},
    journal = {IEEE Power {\&} Energy Magazine},
    author = {Dobschinski, Jan and Bessa, Ricardo and Du, Pengwei and Geisler, Kenneth and Haupt, Sue Ellen and Lange, Matthias and M{\"{o}}hrlen, Corina and Nakafuji, Dora and de la Torre Rodriguez, Miguel},
    number = {6},
    pages = {40 - 49},
    volume = {15},
    doi = {10.1109/MPE.2017.2729100},
    issn = {1540-7977}
}

@article{Bertolini2003UrbanRegion,
    title = {{Urban development without more mobility by car? Lessons from Amsterdam, a multimodal urban region}},
    year = {2003},
    journal = {Environment and Planning A},
    author = {Bertolini, Luca and Le Clercq, Frank},
    number = {4},
    pages = {575--589},
    volume = {35},
    publisher = {SAGE Publications}
}

@article{Celekli2013UseStraw,
    title = {{Use of artificial neural networks and genetic algorithms for prediction of sorption of an azo-metal complex dye{\\\}onto lentil straw}},
    year = {2013},
    journal = {Bioresource Technology},
    author = {{\c{C}}elekli, Abuzer and Bozkurt, Hüseyin and Geyik, Faruk},
    number = {0},
    pages = {396 - 401},
    volume = {129},
    doi = {10.1016/j.biortech.2012.11.085},
    issn = {0960-8524},
    keywords = {Sorption}
}

@article{Hansen2008VariableSearch,
    title = {{Variable neighborhood search}},
    year = {2008},
    journal = {European Journal of Operational Research},
    author = {Hansen, P and Mladenovic, N and P{\'{e}}rez, J A M},
    pages = {593--595},
    volume = {191}
}

@article{Hansen2008VariableApplications,
    title = {{Variable neighborhood search: methods and applications}},
    year = {2008},
    journal = {4OR: Quarterly journal of the Belgian, French and Italian operations research societies},
    author = {Hansen, P and Mladenovic, N and P{\'{e}}rez, J A M},
    pages = {319--360},
    volume = {6}
}

@article{Kempton2005Vehicle-to-gridRevenue,
    title = {{Vehicle-to-grid power fundamentals: Calculating capacity and net revenue }},
    year = {2005},
    journal = {Journal of Power Sources },
    author = {Kempton, Willett and Tomi{\'{c}}, Jasna},
    number = {1},
    pages = {268 - 279},
    volume = {144},
    issn = {0378-7753}
}

@incollection{Lust2011VeryProblems,
    title = {{Very Large-Scale Neighborhood Search for Solving Multiobjective Combinatorial Optimization Problems}},
    year = {2011},
    booktitle = {Evolutionary Multi-Criterion Optimization},
    author = {Lust, Thibaut and Teghem, Jacques and Tuyttens, Daniel},
    editor = {Takahashi, Ricardo and Deb, Kalyanmoy and Wanner, Elizabeth and Greco, Salvatore},
    pages = {254--268},
    series = {Lecture Notes in Computer Science},
    volume = {6576},
    publisher = {Springer Berlin / Heidelberg}
}

@misc{ABRADEE2017VisaoSetor,
    title = {{Vis{\~{a}}o Geral do Setor}},
    year = {2017},
    author = {{ABRADEE}},
    howpublished = {Dispon{\'{i}}vel em: http://www.abradee.com.br/setor-eletrico/visao-geral-do-setor}
}

@article{POC21WeCrew,
    title = {{We Are All Crew}},
    journal = {Heart},
    author = {{POC21}},
    pages = {121--133},
    isbn = {0038287623452},
    doi = {10.1215/00382876-2345297},
    issn = {0038-2876}
}

@article{POC21WeCrewb,
    title = {{We Are All Crew}},
    journal = {Heart},
    author = {{POC21}},
    pages = {121--133},
    isbn = {0038287623452},
    doi = {10.1215/00382876-2345297},
    issn = {0038-2876}
}

@article{Gnann2015WhatGermany,
    title = {{What is the market potential of plug-in electric vehicles as commercial passenger cars? A case study from Germany }},
    year = {2015},
    journal = {Transportation Research Part D: Transport and Environment },
    author = {Gnann, Till and Plotz, Patrick and Funke, Simon and Wietschel, Martin},
    number = {},
    pages = {171 - 187},
    volume = {37},
    doi = {http://dx.doi.org/10.1016/j.trd.2015.04.015},
    issn = {1361-9209},
    keywords = {Commercial passenger cars}
}

@article{DAmico2014WindApproach,
    title = {{Wind speed and energy forecasting at different time scales: A nonparametric approach }},
    year = {2014},
    journal = {Physica A: Statistical Mechanics and its Applications },
    author = {D'Amico, Guglielmo and Petroni, Filippo and Prattico, Flavio},
    number = {0},
    pages = {59 - 66},
    volume = {406},
    issn = {0378-4371}
}