@book{bib:hertz1991,
       author = {John Hertz and Anders Krogh and Richard D. Palmer},
        title = {Introduction to the theory of neural computation},
    publisher = {Westview Press},
         year = {1991},
       volume = {1},
       series = {Santa Fe Institute Series},
      address = {USA},
      edition = {},
        month = {Jun},
         note = {},
         ibsn = {}
}

@book{bib:barbosa1993,
       author = {Valmir C. Barbosa},
        title = {Massively parallel models of computation},
    publisher = {Prentice Hall},
       series = {Ellis Horwood Series In Artificial Intelligence},
      address = {Chichester, UK},
         year = {1993},
       volume = {},
      edition = {},
        month = {},
         note = {},
         ibsn = {}
}

@book{bib:geron2017,
       author = {Aur\'elien G\'eron},
        title = {Hands-On Machine Learning with Scikit-Learn and TensorFlow},
    publisher = {O'Reilly Media Inc.},
       series = {},
      address = {USA},
         year = {2017},
       volume = {},
      edition = {1},
        month = {Mar},
         note = {},
         ibsn = {9781492032632}
}

@book{bib:goodfellow2016,
       author = {Ian Goodfellow and Yoshua Bengio and Aaron Courville},
        title = {Deep Learning},
    publisher = {MIT Press},
       series = {Adaptive computation and machine learning series},
      address = {Cambridge, MA, USA},
         year = {2016},
       volume = {},
      edition = {},
        month = {},
         note = {},
         ibsn = {}
}

@incollection{bib:smolesky1986,
       author = {Paul Smolesky},
        title = {Information processing in dynamical systems: foundations of harmony theory},
    booktitle = {Parallel distributed processing: explorations in the microstructure of cognition},
    publisher = {MIT Press},
         year = {1986},
       editor = {David E. Rumelhart and James L. McClelland},
       volume = {1},
      chapter = {6},
        pages = {194-281},
      address = {Cambridge, MA, USA},
       series = {},
      edition = {},
        month = {},
         note = {}
}

@incollection{bib:hinton1986,
       author = {Geoffrey Everest Hinton and Terrence Joseph Sejnowski},
        title = {Learning and relearning in Boltzmann Machines},
    booktitle = {Parallel distributed processing: explorations in the microstructure of cognition},
    publisher = {MIT Press},
         year = {1986},
       editor = {David E. Rumelhart and James L. McClelland},
       volume = {1},
      chapter = {7},
        pages = {282-317},
      address = {Cambridge, MA, USA},
       series = {},
      edition = {},
        month = {},
         note = {}
}

@article{bib:montufar2018,
       author = {Guido Mont\'ufar},
        title = {Restricted Boltzmann Machines: Introduction and Review},
      journal = {arXiv e-prints},
     keywords = {Computer Science - Machine Learning, Computer Science - Information Theory, Mathematics - Probability, Mathematics - Statistics Theory, Statistics - Machine Learning},
         year = {2018},
        month = {Jun},
          eid = {arXiv:1806.07066},
        pages = {arXiv:1806.07066},
archivePrefix = {arXiv},
       eprint = {1806.07066},
 primaryClass = {cs.LG},
       adsurl = {https://ui.adsabs.harvard.edu/abs/2018arXiv180607066M},
      adsnote = {Provided by the SAO/NASA Astrophysics Data System}
}

@article{bib:gemangeman1984,
       author = {Stuart Geman and Donald Geman},
        title = {Stochastic relaxation, gibbs distributions, and the bayesian restoration of images},
      journal = {IEEE},
         year = {1984},
        pages = {721-741},
        month = {Nov},
       volume = {PAMI-6},
       number = {},
         note = {}
}

@article{bib:hopfield1982,
       author = {John Joseph Hopfield},
        title = {Neural networks and physical systems with emergent collective computational abilities},
      journal = {Proceedings of the National Academy of Sciences},
         year = {1982},
        pages = {2554-2558},
        month = {Apr},
       volume = {79},
       number = {},
         note = {}
}
i

@inproceedings{bib:fischer2012,
       author = {Asja Fischer and Christian Igel},
        title = {An Introduction to Restricted Boltzmann Machines},
    booktitle = {Progress in Pattern Recognition, Image Analysis, Computer Vision and Applications},
       editor = {Luis Alvarez and Marta Mejail and Luis Gomez and Julio Jacobo},
         year = {2012},
        pages = {14-36},
    publisher = {Springer Berlin Heidelberg},
      address = {Berlin, Heidelberg}
}

