@abnt-options{abnt-options4,
    abnt-thesis-year = {final},
    abnt-full-initials = {no},
    abnt-year-extra-label = {yes},
    abnt-repeated-title-omit = {yes},
    abnt-repeated-author-omit = {yes},
    abnt-etal-list = 3,
    key = {a}
}

abnt-emphasize={\textbf}, % não sei qual a exigência da UERJ -- itálico ou negrito