@techreport{GD,
    institution = "Agência Nacional de Energia Elétrica ({ANEEL})",
    publisher   = "Superintendência de Regulação dos Serviços de Distribuição (SRD)",
    title       = "Informações Técnicas",
    year        = "2016",
    month       = "Out",
    note        = "Acesso em: 17/03/2017",
    howpublished = "Disponível em: \url{http://www.aneel.gov.br/geracao-distribuida}",
}

@techreport{BIG2,
    institution  = "Agência Nacional de Energia Elétrica ({ANEEL})",
    title     	 = {Banco de Informações de Geração (BIG)},
    year		 = {2017},
    note     	 = {Accessed on June 13, 2018.},
    howpublished = {Available at: \url{http://www.aneel.gov.br/informacoes-tecnicas/-/asset_publisher/CegkWaVJWF5E/content/big-banco-de-informacoes-de-geracao/655808}},
}

@techreport{FAQ,
    institution = "Agência Nacional de Energia Elétrica ({ANEEL})",
    title       = "Perguntas e respostas sobre a aplicação da Resolução Normativa nº 482/2012",
    year        = "2016",
    month       = "Mar",
    note        = "Acesso em: 24/03/2017",
    howpublished = "Disponível em: \url{http://www2.aneel.gov.br/arquivos/PDF/FAQ_GD_Atualizado.pdf}",
}

@techreport{uk2016,
  title        = {Distributed Ledger Technology: beyond block chain},
  institution  = {Government Office for Science},
  publisher    = {UK Government Chief Scientific Adviser},
  year         = 2016,
  number	   = {GS/16/1},
  howpuplished = {Available at: \url{https://www.gov.uk/government/publications/distributed-ledger-technology-blackett-review}},
  month        = 2,
  note         = {Accessed on April 16, 2018.}
}

@techreport{Brasil-futuroEE,
    title     	 = {Brasil - Modelo de geração de energia elétrica e políticas públicas para energias incentivadas},
    institution	 = {Associação Brasileira dos Comercializadores de Energia ({ABCE})},
    day			 = {13},
    month		 = {12},
    year		 = {2016},
    note     	 = {Accessed on March 28, 2018.},
    howpublished = {Available at: \url{http://legis.senado.leg.br/sdleg-getter/documento/download/f10aa650-cbf1-420a-b6bb-b305b99df1ae}},
}

@techreport{wec2017,
  institution  = "World Energy Council ({WEC})",
  title        = {The developing role of blockchain - White Paper},
  year         = 2017,
  version      = 1,
  address      = {London, United Kingdom},
  month        = 11,
  howpublished = {Available at \url{https://www.worldenergy.org/publications}},
  note         = {In collaboration with PricewaterhouseCoopers (PwC). Accessed on February 9, 2018.},
}

@techreport{iso-iec-ieee,
    type        = {Standard},
    institution = "International Organization for Standardization ({ISO})",
    title       = {Systems and software engineering: Life cycle processes, Requirements engineering},
    publisher   = "ISO/IEC/IEEE International Standard",
    year        = {2011},
    pages       = {1-94},
    doi         = {10.1109/IEEESTD.2011.6146379},
    month       = {Dec},
    note        = {ISO/IEC/IEEE 29148:2011(E)},
}

@misc{bitcoin-site,
  institution  = {{Bitcoin.org}}, 
  title        = {Bitcoin.org},
  howpublished = {Online.},
  year         = 2019,
  url          = {http://bitcoin.org/},
}

@misc{unix-time,
  title        = {Unix time},
  institution  = {Wikimedia Foundation, Inc.},
  publisher    = {Wikipedia},
  year         = 2019,
  howpublished = {Available at: \url{https://en.wikipedia.org/wiki/Unix_time}},
  note         = {Accessed on Aug 13, 2019}
}

----------------------------------------------------------------------

@INCOLLECTION{UN-SDG,
	title = {The Sustainable Development Goals Report},
	author = {{UNITED NATIONS}},
	year = {2017},
    url = {https://unstats.un.org/sdgs/files/report/2017/TheSustainableDevelopmentGoalsReport2017.pdf},
}

@techreport{IEA2017,
	title = {Energy Access Outlook 2017: from poverty to prosperity},
	author = {{INTERNATIONAL ENERGY AGENCY}},
	year = {2017},
	institution = {International Energy Agency},
    url = "https://www.iea.org/reports/energy-access-outlook-2017"
}

@article{erik2017,
	title = "Electricity Markets and Renewables",
    journal = "IEEE Power \& Energy Magazine",
    volume = "15",
    number = "6",
    pages = "70 - 82",
    year = "2017",
    note = "November/December",
    issn = "1540-7977",
    doi = "10.1109/MPE.2017.2730827",
    author = "Erik Ela and Congcong Wang and Sai Moorty and Kenneth Ragsdale and Jon O'Sullivan and Mark Rothleder and Ben Hobbs",
}

@article{ZHENG2018842,
	title = "Economic and environmental benefits of coordinating dispatch among distributed electricity storage",
	journal = "Applied Energy",
	volume = "210",
	pages = "842 - 855",
	year = "2018",
	issn = "0306-2619",
	doi = "https://doi.org/10.1016/j.apenergy.2017.07.095",
	url = "http://www.sciencedirect.com/science/article/pii/S0306261917309686",
	author = "Menglian Zheng and Xinhao Wang and Christoph J. Meinrenken and Yi Ding",
	keywords = "Distributed energy, Demand response, Loadshifting, Batteries, Smart grid, Microgrid"
}

@article{Coelho2017MAS,
title = "Multi-agent systems applied for energy systems integration: State-of-the-art applications and trends in microgrids ",
journal = "Applied Energy ",
volume = "187",
number = "",
pages = "820 - 832",
year = "2017",
note = "",
issn = "0306-2619",
doi = "http://dx.doi.org/10.1016/j.apenergy.2016.10.056",
author = "Vitor N. Coelho and Miri Weiss Cohen and Igor M. Coelho and Nian Liu and Frederico Gadelha Guimar{\~a}es",
}

@article{Jiayi2008,
    title = "A review on distributed energy resources and MicroGrid ",
    journal = "Renewable and Sustainable Energy Reviews ",
    volume = "12",
    number = "9",
    pages = "2472 - 2483",
    year = "2008",
    note = "",
    issn = "1364-0321",
    doi = "http://dx.doi.org/10.1016/j.rser.2007.06.004",
    author = "Huang Jiayi and Jiang Chuanwen and Xu Rong",
}

@techreport{iea2011,
	title = {Technology Roadmap: Smart Grids},
	author = {{INTERNATIONAL ENERGY AGENCY}},
    day = 4,
    month = 4,
    pages = 52,
	year = {2011},
	institution = {International Energy Agency},
    howpublished = {Available at: \url{https://webstore.iea.org/technology-roadmap-smart-grids}},
    note         = {Accessed on January 30, 2018.}
}

@article{debra2017,
	title = "The Power of Small",
    journal = "IEEE Power \& Energy Magazine",
    volume = "15",
    number = "6",
    pages = "50 - 60",
    year = "2017",
    note = "November/December",
    issn = "1540-7977",
    doi = "10.1109/MPE.2017.2729104",
    author = "Debra Lew and Marc Asano and Jens Boemer and Colton Ching and Ulrich Focken and Richard Hydzik and Matthias Lange and Amber Motley",
}

@article{thomas2017,
	title = "Paving the way",
    journal = "IEEE Power \& Energy Magazine",
    volume = "15",
    number = "6",
    pages = "61 - 69",
    year = "2017",
    note = "November/December",
    issn = "1540-7977",
    doi = "10.1109/MPE.2017.2729138",
    author = "Thomas Ackermann and Thibault Prevost and Vijay Vittal and Andrew J. Roscoe and Julia Matevosyan and Nicholas Miller",
}

@article{gianelloni2017,
	title = "The distributed electricity generation diffusion impact on the brazilian distribution utilities",
	journal = "3rd International Conference on Energy and Environment: bringing together Engineering and Economics",
	month = "June",
    year = "2017",
	note = "Porto, Portugal",
	url = "https://goo.gl/5bmqU3",
	author = "Francesco Gianelloni and Guilherme de Azevedo Dantas and Job Figueiredo Alves and Nivalde de Castro",
	keywords = "Distributed generation, Death Spiral, Distribution utilities"
}

@article{farhangi2010path,
  title={The path of the smart grid},
  author={Hassan Farhangi},
  journal={IEEE power and energy magazine},
  volume={8},
  number={1},
  year={2010},
  publisher={IEEE}
}

@article{Coelho2016,
  author = "Vitor N. Coelho and Igor M. Coelho and Bruno N. Coelho and Glauber C. de Oliveira and Alexandre C. Barbosa and Leo Pereira and Alan de Freitas and Haroldo G. Santos and Luis S. Ochi and Frederico G. Guimar{\~a}es",
  title = "A communitarian microgrid storage planning system inside the scope of a smart city ",
  journal = "Applied Energy ",
  year = "2016",
  issn = "0306-2619",
  doi = "http://doi.org/10.1016/j.apenergy.2016.12.043",
}

@misc{seminario,
    author    = "AGÊNCIA NACIONAL DE ENERGIA ELÉTRICA",
    title     = "A ANEEL e o Modelo do Setor Elétrico Brasileiro",
    howpublished = "Disponível em: \url{http://www2.aneel.gov.br/arquivos/pdf/ElleryFNE.pdf}",
    year     = "2001",
    month    = "Ago",
    note     = "Seminário “A Crise Energética Brasileira”. Acesso em: 27/03/2017",
}

@unpublished{cebolo,
    author    = "Cébolo, Arnaldo dos Santos",
    title     = "Reestruturação do Setor Elétrico Brasileiro",
    year     = "2012",
    note     = "Slides da disciplina Estruturação do Setor Elétrico, CEFET/RJ. Acesso em: 27/03/2017",
}

@misc{lei,
    author    = "BRASIL",
    title     = "Lei 8.987, de 13 de fevereiro de 1995. Dispõe sobre o regime de concessão e permissão da prestação de serviços públicos previsto no art. 175 da Constituição Federal, e dá outras providências.",
    howpublished = "Disponível em: \url{http://www.planalto.gov.br/ccivil_03/leis/L8987compilada.htm}",
    year     = "1995",
    month    = "Fev",
    note     = "Acesso em: 30/03/2017",
}

@misc{agtrans,
    author    = "ONS",
    title     = "O ONS: Relacionamentos",
    year	= "2017",
    howpublished = "Disponível em: \url{http://www.ons.org.br/institucional_linguas/relacionamentos.aspx}",
    note     = "Acesso em: 03/04/2017",
}

@misc{bandeiras,
    author    = "{AGÊNCIA NACIONAL DE ENERGIA ELÉTRICA. Superintendência de Gestão Tarifária (SGT)}",
    title     = "Bandeiras Tarifárias",
    howpublished = "Disponível em: \url{http://www.aneel.gov.br/bandeiras-tarifarias}",
    year     = "2017",
    month    = "Mar",
    note     = "Acesso em: 05/04/2017",
}

@misc{proinfa,
    author    = "Eletrobras",
    title     = "PROGRAMAS: PROINFA",
    year	= "2017",
    howpublished = "Disponível em: \url{http://www.eletrobras.com/elb/ProinfA/data/Pages/LUMISABB61D26PTBRIE.htm}",
    note     = "Acesso em: 06/04/2017",
}

@unpublished{arteiro,
    author    = "de Oliveira, Francisco José Arteiro",
    title     = "Planejamento da operação do Sistema Interligado Nacional",
    year     = "2006",
    month   = "Out",
    note     = "Slides do I Workshop da Operação, AES-Tietê, Bauru (SP). Acesso em: 07/04/2017",
}

@misc{its1,
    author    = "ITS Rio",
    title     = "Blockchain: a tecnologia e suas aplicações",
    year	= "2017",
    howpublished = "Disponível em: \url{https://itsrio.org/pt/cursos/blockchain-a-tecnologia-e-suas-aplicacoes/}",
    note     = "Atualizaram a página e o conteúdo referenciado não está mais acessível! Acesso em: 22/03/2017",
}

@misc{block-endeavor,
    author    = "Endeavor",
    title     = "Blockchain: conheça a tecnologia por trás da revolução das moedas virtuais",
    howpublished = "Disponível em: \url{https://endeavor.org.br/blockchain/}",
    year    = "2015",
    month   = "Ago",
    note     = "Acesso em: 22/03/2017",
}

@misc{its2,
    author    = "Aleixo, Gabriel ",
    title     = "O potencial transformador da tecnologia blockchain",
    year	= "2016",
    month	= "Abr",
    howpublished = "Disponível em: \url{https://feed.itsrio.org/o-potencial-transformador-da-tecnologia-blockchain-777a5edf6a29}",
    note     = "Acesso em: 22/03/2017",
}

@misc{its3,
    author    = "Radu, Roxana and Aleixo, Gabriel",
    title     = "Blockchain e o futuro da Governança",
    year	= "2015",
    month	= "Nov",
    howpublished = "Disponível em: \url{https://goo.gl/5ZT2Uf}",
    note     = "Acesso em: 22/03/2017",
}

@misc{its4,
    author    = "Lemos, Ronaldo",
    title     = "Como usar a Blockchain para promover o interesse público?",
    year	= "2017",
    month	= "Fev",
    howpublished = "Disponível em: \url{https://goo.gl/AsUXPj}",
    note     = "Acesso em: 22/03/2017",
}

@misc{ether,
    author    = "Wood, Gavin",
    title     = "Ethereum: homestead release",
    year  = {2017},
    howpublished = "Disponível em: \url{https://ethereum.org/}",
    note     = "Acesso em: 23/03/2017",
}

@misc{blocktrading,
    author    = "Merz, Michael",
    title     = "Potential of the Blockchain Technology in Energy Trading",
    year	= "2016",
    month	= "Oct",
    howpublished = "Disponível em: \url{http://www.ponton.de/downloads/mm/Potential-of-the-Blockchain-Technology-in-Energy-Trading_Merz_2016.en.pdf}",
    note     = "Acesso em: 11/04/2017. Aparece como capítulo do livro Blockchain technology Introduction
for business and IT managers, de Daniel Burgwinkel et al., edit. OLDENBOURG",
}

@misc{precos,
    author    = "{CÂMARA DE COMERCIALIZAÇÃO DE ENERGIA ELÉTRICA}",
    title	= "Preços",
    year	= "2017",
    howpublished	= "Disponível em: \url{https://www.ccee.org.br/portal/faces/oquefazemos_menu_lateral/precos}",
    note	= "Acesso em: 15/04/2017",
}

@misc{gartner,
    author    = "Kandaswamy, Rajesh",
    title     = "Blockchain: How Real Is The Market?",
    year	= "2016",
    organization = "Gartner",
    howpublished = "Disponível em: \url{https://www.gartner.com/webinar/3607520}",
    note     = "Acesso em: 11/04/2017",
}

@misc{tarifa_branca,
    author    = "{AGÊNCIA NACIONAL DE ENERGIA ELÉTRICA. Superintendência de Gestão Tarifária (SGT)}",
    title     = "Modalidades tarifárias",
    howpublished = "Disponível em: \url{http://www.aneel.gov.br/tarifa-branca}",
    year     = "2017",
    month    = "Fev",
    note     = "Acesso em: 18/04/2017",
}

@book{swan2015blockchain,
  title={Blockchain: Blueprint for a new economy},
  author={Swan, Melanie},
  year={2015},
  publisher={" O'Reilly Media, Inc."}
}

@unpublished{mit-dci,
    author    	 = {{DIGITAL CURRENCY INITIATIVE}},
    title     	 = {Blockchain Applications to Solar Panel Energy: Landscape Analysis},
    year		 = {201-},
    institution	 = {Massachusetts Institute of Technology (MIT)},
    howpublished = {Available at: \url{http://dci.mit.edu/assets/papers/15.998_solar.pdf}},
    note     	 = {The url does not work anymore. Accessed on August 2, 2018.}
}

@article{mengelkamp2017,
    title = "Designing microgrid energy markets: A case study: The Brooklyn Microgrid",
    journal = "Applied Energy",
    volume = "210",
    pages = "870 - 880",
    year = "2018",
    issn = "0306-2619",
    doi = "https://doi.org/10.1016/j.apenergy.2017.06.054",
    author = "Esther Mengelkamp and Johannes Gärttner and Kerstin Rock and Scott Kessler and Lawrence Orsini and Christof Weinhardt",
    keywords = "Microgrid energy market, Market design, Blockchain, Case study, Peer-to-peer trading, Renewable energy"
}

@article{mengelkamp2018,
    author =	{Esther Mengelkamp and Benedikt Notheisen and Carolin Beer and David Dauer and Christof Weinhardt},
    title =		{A blockchain-based smart grid: towards sustainable local energy markets},
    journal =	{Computer Science - Research and Development},
    year =		2018,
    month =		2,
    volume =	33,
    number =	1,
    pages =		{207--214},
    issn =		{1865-2042},
    doi =		{10.1007/s00450-017-0360-9},
    url =		{https://doi.org/10.1007/s00450-017-0360-9},
    note =		{Accessed on Mai 2, 2018.}
}

@misc{groarke2016,
    author    	 = {David Groarke},
    title     	 = {Utilities and blockchain pilots - a global snapshot},
    day			 = {10},
    month		 = {10},
    year		 = {2016},
    institution  = {Indigo Advisory Group}, 
    howpublished = {Available at: \url{https://www.indigoadvisorygroup.com/blog/2016/10/7/utilities-piloting-blockchain-application-globally}},
    note     	 = {Accessed on September 24, 2017.}
}

@misc{pwrledger,
  title = {Power Ledger Whitepaper},
  editor = {{Power Ledger Pty Ltd}},
  year = {2017},
  url = {https://www.powerledger.io/}
}

@misc{wien-energie2016,
    author    	 = {{WIEN ENERGIE}},
    title     	 = {Wien Energie’s new direction: Powering the digital future},
    year		 = {2016},
    howpublished = {Available at: \url{https://www.wienenergie.at/eportal3/ep/channelView.do/pageTypeId/67860/channelId/-51877}},
    note     	 = {Annual Review 2016. Accessed on August 2, 2018.}
}

@misc{agentes,
    author    = "{CÂMARA DE COMERCIALIZAÇÃO DE ENERGIA ELÉTRICA}",
    title     = "Como se dividem: Categoria de Agentes da CCEE",
    year	= "2017",
    howpublished = "Disponível em: \url{https://www.ccee.org.br/portal/faces/pages_publico/quem-participa/como_se_dividem}",
    note     = "Acesso em: 27/03/2017",
}

@INPROCEEDINGS{gabrichtendenciasSBPO2017,
  title={TEND{\^E}NCIAS PARA SISTEMAS MICROGRIDS EM CIDADES INTELIGENTES: UMA VIS{\~A}O SOBRE A BLOCKCHAIN},
  author={Gabrich, Yuri B and Coelho, Igor M and Coelho, Vitor N},
    year = {2017},
  pages = {1 - 12},
   booktitle = {XLIX Simpósio Brasileiro de Pesquisa Operacional},
  address = {Blumenau, SC}
}

@misc{tarifas,
    author    = "{AGÊNCIA NACIONAL DE ENERGIA ELÉTRICA. Superintendência de Gestão Tarifária (SGT)}",
    title     = "A Tarifa de Energia Elétrica",
    howpublished = "Disponível em: \url{http://www.aneel.gov.br/tarifas}",
    year     = "2016",
    month    = "Fev",
    note     = "Acesso em: 24/03/2017",
}

@misc{modeloBR,
    author    = "{CÂMARA DE COMERCIALIZAÇÃO DE ENERGIA ELÉTRICA}",
    title	= "Setor elétrico",
    year	= "2017",
    howpublished	= "Disponível em: \url{https://www.ccee.org.br/portal/faces/pages_publico/onde-atuamos/setor_eletrico}",
    note	= "Acesso em: 17/03/2017",
}

@misc{fontes,
    author    = "{CÂMARA DE COMERCIALIZAÇÃO DE ENERGIA ELÉTRICA}",
    title     = "Câmara de Comercialização de Energia Elétrica: Fontes",
    year	= "2017",
    howpublished = "Disponível em: \url{www.ccee.org.br/portal/faces/pages_publico/onde-atuamos/fontes}",
    note     = "Acesso em: 17/03/2017",
}

@misc{BIG,
    author    = "{AGÊNCIA NACIONAL DE ENERGIA ELÉTRICA}",
    title     = "Banco de Informações de Geração: Matriz de Energia Elétrica",
    year	= "2017",
    howpublished = "Disponível em: \url{www2.aneel.gov.br/aplicacoes/capacidadebrasil/capacidadebrasil.cfm}",
    note     = "Acesso em: 17/03/2017",
}

@misc{market,
    author    = "{CÂMARA DE COMERCIALIZAÇÃO DE ENERGIA ELÉTRICA}",
    title     = "Comercialização",
    year	= "2017",
    howpublished = "Disponível em: \url{www.ccee.org.br/portal/faces/pages_publico/onde-atuamos/comercializacao}",
    note     = "Acesso em: 17/03/2017",
}

@misc{price,
    author    = "{AGÊNCIA NACIONAL DE ENERGIA ELÉTRICA. Superintendência de Gestão Tarifária (SGT)}",
    title     = "Entendendo a Tarifa",
    howpublished = "Disponível em: \url{http://www.aneel.gov.br/entendendo-a-tarifa/-/asset_publisher/uQ5pCGhnyj0y/content/composicao-da-tarifa/654800}",
    year     = "2017",
    month    = "Fev",
    note     = "Acesso em: 24/03/2017",
}

@article{Coelho2016730,
  title = "Multi-objective energy storage power dispatching using plug-in vehicles in a smart-microgrid ",
  journal = "Renewable Energy ",
  volume = "89",
  number = "",
  pages = "730 - 742",
  year = "2016",
  note = "",
  issn = "0960-1481",
  doi = "http://doi.org/10.1016/j.renene.2015.11.084",
  author = "Vitor N. Coelho and Igor M. Coelho and Bruno N. Coelho and Miri Weiss Cohen and Agnaldo J.R. Reis and Sidelmo M. Silva and Marcone J.F. Souza and Peter J. Fleming and Frederico G. Guimar{\~a}es",
}

@misc{abcdenergia,
	title   = {Matriz Energética e Elétrica},
	author  = {{EMPRESA DE PESQUISA ENERGÉTICA}},
	year    = {2017},
    note    = {Accessed on June 13, 2018.},
    howpublished = {Available at: \url{http://www.epe.gov.br/pt/abcdenergia/matriz-energetica-e-eletrica}},
}

@misc{ibge-pop,
	title = {Projeção da população do Brasil e das Unidades da Federação},
	author = {{INSTITUTO BRASILEIRO DE GEOGRAFIA E ESTATÍSTICA}},
	year = {2018},
    howpublished = {Available at: \url{https://www.ibge.gov.br/apps/populacao/projecao/}},
    note         = {Accessed on June 13, 2018.}
}

@misc{sin,
  author        = {{OPERADOR NACIONAL DO SISTEMA ELÉTRICO}}, 
  title         = {O Sistema Interligado Nacional},
  year          = 2017,
  note          = {Accessed on 2017.},
  howpublished  = {Available at \url{http://www.ons.org.br/paginas/sobre-o-sin/o-que-e-o-sin}.}
}

----------------------------------------------------------------------
----------------------------------------------------------------------

@misc{base58,
  title        = {Base58: A set of characters that's easy to share},
  author       = {Greg Walker},
  year         = 2020,
  month        = {Jan},
  institution  = {Learn me a bitcoin},
  howpublished = {Available at: \url{https://learnmeabitcoin.com/guide/base58}},
  note         = {Accessed on Jan 30, 2020}
}

@misc{ecolab,
  title        = {EcoLab - Neo Ecosystem Laboratory},
  author       = {Vitor Nazário Coelho and Igor Machado Coelho and Fabio Henrique Cardoso},
  year         = 2018,
  howpublished = {Available at: \url{https://neocompiler.io/}},
  note         = {An initiative of the NeoCompiler Eco(system) supported by the NeoResearch.}
}

@misc{neo-sm,
  title        = {Smart Contract Writing Basics},
  author       = {Celia},
  year         = 2019,
  institution  = {Neo},
  howpublished = {Available at: \url{https://docs.neo.org/docs/en-us/sc/write/basics.html}},
  note         = {Digital publishing. Authors name were deduced from the list of contributors on the platform. Accessed since July 13, 2019}
}

@misc{neo-charging,
  title        = {Charging Model},
  author       = {Celia and Joe Qian},
  year         = 2019,
  institution  = {Neo},
  howpublished = {Available at: \url{https://docs.neo.org/docs/en-us/tooldev/concept/charging_model.html}},
  note         = {Digital publishing. Authors name were deduced from the list of contributors on the platform. Accessed since July 13, 2019}
}

@misc{neo-fees,
  title        = {System Fees},
  author       = {Celia},
  year         = 2019,
  institution  = {Neo},
  howpublished = {Available at: \url{https://docs.neo.org/docs/en-us/sc/fees.html}},
  note         = {Digital publishing. Authors name were deduced from the list of contributor on the platform. Accessed since Apr 22, 2019}
}

@misc{medium-jing,
  author       = {Jing},
  title        = {Practical Tips in Developing Neo Smart Contracts},
  year         = 2018,
  month        = {Set},
  day          = 14,
  institution  = {Medium},
  howpublished = {Available at: \url{https://medium.com/@gongxiaojing0825/practical-tips-in-developing-neo-smart-contract-a872a4f910c1}},
  note         = {Digital publishing. Author name was deduced from her/his displayed name on the platform. Accessed on May 2, 2019}
}

@misc{block-cenpes,
  author       = {Brian Behlendorf}, 
  title        = {Hyperledger and the Blockchain Opportunity},
  address      = {Cidade Universitária da UFRJ, Rio de Janeiro - RJ},
  year         = 2019,
  month        = {Apr},
  day          = 18,
  institution  = {Hyperledger, The Linux Foundation},
  howpublished = {Available at: \url{https://www.hyperledger.org/resources/webinars}},
  note         = {Blockchain e a Transformação Digital. Centro de Convenções, CENPES.}
}

@misc{hyper-webinar,
  author       = {Dave Huseby and Marta Piekarska},
  title        = {Blockchain is the New Black: What about enterprise security?},
  year         = 2018,
  institution  = {Hyperledger, The Linux Foundation},
  howpublished = {Available at: \url{https://www.hyperledger.org/resources/webinars}},
  note         = {Webinar. Accessed on Dec 7, 2018}
}

@article{gogerty2018,
  author  = {Nick Gogerty and Paul Johnson}, 
  title   = {Network Capital: Value of Currency Protocols Bitcoin \& SolarCoin Cases in Context},
  institution = {Columbia Business School},
  year    = 2018,
  number  = {19-2},
  month   = Oct,
  note    = {Available at SSRN: \url{https://ssrn.com/abstract=3281845}}, 
  doi     = {http://dx.doi.org/10.2139/ssrn.3281845}
}

@book{mougayar2016,
  title={The Business Blockchain: Promise, Practice, and Application of the Next Internet Technology},
  author={W. Mougayar and V. Buterin},
  isbn={9781119300335},
  lccn={2016498547},
  note={Available at: \url{https://books.google.com.br/books?id=CEsPDAAAQBAJ}},
  howpublished = {Online},
  year={2016},
  publisher={Wiley}
}

@incollection{urbcomp2019,
  author       = {V.N. Coelho and Y.B. Gabrich and T.A. Oliveira and L.S. Ochi and A.C. Barbosa and I.M. Coelho},
  title        = {When CI and Decentralized Systems Effectively Meet Smart Cities and Grids},
  booktitle    = {Smart and Digital Cities},
  publisher    = {Springer, Cham},
  year         = 2019,
  editor       = {V. Nazário Coelho and I. Machado Coelho and T. A. Oliveira and L. Ochi},
  pages        = {239-249},
  isbn         = {978-3-030-12254-6},
  edition      = 1,
  month        = 5,
  note         = {Part of the Urban Computing book series (UC).},
  doi          = {https://doi.org/10.1007/978-3-030-12255-3_15}
}

@misc{libra-wp,
  author       = {Libra}, 
  title        = {Libra White Paper},
  howpublished = {Online.},
  year         = 2019,
  note         = {Accessed on Nov 5, 2019.},
  url          = {https://libra.org/en-US/white-paper/}
}

@misc{libra-binance,
  author       = {Binance Research}, 
  title        = {First Look: Libra},
  howpublished = {Online.},
  year         = 2019,
  month        = 6,
  day          = 18,
  note         = {Accessed on Nov 5, 2019.},
  url          = {https://info.binance.com/en/research/marketresearch/libra.html}
}

@misc{libra-move,
  author       = {Sam Blackshear and Evan Cheng and David L. Dill and Victor Gao and Ben Maurer and Todd Nowacki and Alistair Pott and Shaz Qadeer and Rain and Dario Russi and Stephane Sezer and Tim Zakian and Runtian Zhou}, 
  title        = {Move: A Language With Programmable Resources},
  howpublished = {Online.},
  year         = 2019,
  month        = 9,
  day          = 25,
  note         = {Accessed on Nov 5, 2019.},
  url          = {https://developers.libra.org/docs/assets/papers/libra-move-a-language-with-programmable-resources.pdf}
}

@INPROCEEDINGS{pipattanasomporn2019,
    author={Manisa Pipattanasomporn and Saifur Rahman and Murat Kuzlu},
    booktitle={2019 IEEE Power Energy Society Innovative Smart Grid Technologies Conference (ISGT)},
    title={Blockchain-based Solar Electricity Exchange: Conceptual Architecture and Laboratory Setup},
    year={2019},
    volume={},
    number={},
    pages={1-5},
    ISSN={},
    month={Feb}
}

@misc{r3-site,
  author       = {R3}, 
  title        = {Enterprise Blockchain Platform \& Technology},
  howpublished = {Online.},
  year         = 2019,
  url          = {https://www.r3.com/}
}

@article{brown2018,
  author       = {Richard Gendal Brown}, 
  title        = {The Corda Platform: An Introduction White Paper},
  howpublished = {Online.},
  year         = 2018,
  month        = 5,
  url          = {https://www.r3.com/white-papers/}
}

@unpublished{wood2016,
  author  = {Gavin Wood}, 
  title   = {Ethereum: a secure decentralised generalised transaction ledger},
  year    = 2016,
  note    = {EIP-150 REVISION. Also known as Yellow Paper. Accessed on 2017.},
  url     = {https://gavwood.com/paper.pdf}
}

@book{book:internet,
   title =		{Bem-vindo à Internet},
   author =		{Denise Del Re Filippo and Alexandre Sztajnberg},
   publisher =	{Editora Brasport},
   isbn =		{},
   year =		{1996},
   note =		{Rio de Janeiro},
   url =		{http://www.filippo.eti.br/livro}
}

@ARTICLE{litvinov2019,
    author={E. Litvinov and F. Zhao and T. Zheng},
    journal={IEEE Power and Energy Magazine},
    title={Electricity Markets in the United States: Power Industry Restructuring Processes for the Present and Future},
    year={2019},
    volume={17},
    number={1},
    pages={32-42},
    doi={10.1109/MPE.2018.2872300},
    ISSN={},
    month={Jan}
}

@ARTICLE{hogan2019,
    author={W. W. Hogan},
    journal={IEEE Power and Energy Magazine},
    title={Market Design Practices: Which Ones Are Best? [In My View]},
    year={2019},
    volume={17},
    number={1},
    pages={100-104},
    keywords={load dispatching;power markets;pricing;tendering;thermal power stations;single-period economic dispatch;stored water;multiyear inventory;large-scale pondage hydro systems;thermal generators;locational marginal prices;bid-based security-constrained economic dispatch;United States;organized wholesale electricity markets;Electricity supply industry;Market research;Power distribution planning;Power markets;Market research},
    doi={10.1109/MPE.2018.2871736},
    month={Jan}
}

@ARTICLE{masiello2016,
    author={R. Masiello},
    journal={IEEE Power and Energy Magazine},
    title={Transactive Energy: The Hot Topic in the Industry [Guest Editorial]},
    year={2016},
    volume={14},
    number={3},
    pages={14-16},
    keywords={Special issues and sections;Smart grids;Power grids;Energy resources;Transactive energy;Power distribution planning;Government policies},
    doi={10.1109/MPE.2016.2525241},
    ISSN={},
    month={May}
}

@ARTICLE{forfia2016,
    author={D. Forfia and M. Knight and R. Melton},
    journal={IEEE Power and Energy Magazine},
    title={The View from the Top of the Mountain: Building a Community of Practice with the GridWise Transactive Energy Framework},
    year={2016},
    volume={14},
    number={3},
    pages={25-33},
    keywords={distributed power generation;power distribution planning;New York Reforming the Energy Vision discussions;National Institute of Standards TE Challenge;NIST TE Challenge;distributed energy resources;DER;gridwise transactive energy framework;Power grids;Power distribution planning;Power system reliability;Transactive energy;Energy management},
    doi={10.1109/MPE.2016.2524961},
    ISSN={},
    month={May}
}

@ARTICLE{olken2016,
    author={M. Olken},
    journal={IEEE Power and Energy Magazine},
    title={Transactive Energy: Providing an Enabling Environment [From the Editor]},
    year={2016},
    volume={14},
    number={3},
    pages={4},
    doi={10.1109/MPE.2016.2525878},
    month={May}
}

@book{toffler1980,
  title={The Third Wave},
  author={Toffler, A.},
  isbn={9780688035976},
  lccn={79026690},
  year={1980},
  publisher={Morrow}
}

@misc{video:grid,
  author       = {{GRID SINGULARITY}},
  editor       = {Annie Shreffler},
  publisher    = {WGBH Forum Network},
  title        = {The Blockchain: Enabling a Distributed and Connected Energy Future},
  day          = 6,
  month        = 4,
  year         = 2016,
  howpublished = {Available at: \url{https://www.youtube.com/watch?v=cpMwPhA9QzM&feature=youtu.be&t=1h33m5s}},
  note         = {The Grid Singularity's case presentation made by Ewald Hesse starts at 1h 33m 5s. A description about the whole event is also available at \url{https://www.mitforumcambridge.org/event/the-blockchain-enabling-a-distributed-and-connected-energy-future/}.}
}

@misc{neowp,
  title        = {White Paper},
  author       = {Neo}, 
  year         = 2018,
  howpublished = {Available at: \url{https://docs.neo.org/en-us/whitepaper.html}},
  note         = {Accessed on 2018.}
}

@misc{poet,
  title        = {PoET 1.0 Specification},
  author       = {Intel Corporation}, 
  year         = 2018,
  howpublished = {Available at: \url{https://sawtooth.hyperledger.org/docs/core/releases/latest/architecture/poet.html?highlight=proof\%20elapsed\%20time}},
  note         = {Sawtooth Version 1.1.2. Accessed on February 4, 2019.}
}

@manual{hyper1,
  title        = {Hyperledger Architecture},
  author       = {Hyperledger}, 
  volume       = 1,
  year         = 2018,
  howpublished = {Available at: \url{https://www.hyperledger.org/resources/publications?utm_content=July#white-papers}},
  note         = {Introduction to Hyperledger Business Blockchain Design Philosophy and Consensus.}
}

@manual{hyper2,
  title        = {Hyperledger Architecture},
  author       = {Hyperledger}, 
  volume       = 2,
  year         = 2018,
  howpublished = {Available at: \url{https://www.hyperledger.org/resources/publications?utm_content=July#white-papers}},
  note         = {Smart Contracts.}
}

@techreport{epe2014-2,
  author       = {{EMPRESA DE PESQUISA ENERGÉTICA}},
  title        = {Demanda de Energia 2050},
  institution  = {Ministério de Minas e Energia},
  year         = 2014,
  address      = {Rio de Janeiro},
  month        = 8,
  howpublished = {Available at: \url{http://www.epe.gov.br/pt/publicacoes-dados-abertos/publicacoes}},
  note         = {Série Estudos da Demanda de Energia, nota técnica DEA 13/14. Accessed on March 30, 2018.}
}

@article{castro2018,
  author       = {Nivalde de Castro and Gabriel Castro and Daniel Ferreira and Francesco Tommasso and Rafael Morais}, 
  title        = {Impactos Sistêmicos da Micro e Minigeração Distribuída},
  institution  = {Grupo de Estudos do Setor Elétrico (GESEL), Instituto de Economia da Universidade Federal do Rio de Janeiro (IE/UFRJ)},
  year         = 2018,
  month        = 1,
  address      = {Rio de Janeiro, RJ - Brasil},
  isbn         = {978-85-93305-46-7},
  howpublished = {Available at: \url{http://www.gesel.ie.ufrj.br/index.php/Publications}},
  journal      = {Texto de Discussão do Setor Elétrico (TDSE)},
  number       = {79}
}

@techreport{aneel-ideal,
  author       = {Danilo de Brito Lima}, 
  title        = {Cooperativas de energia: guia de constituição de cooperativas de geração distribuída fotovoltaica},
  institution  = {Sistema OCB and Cooperação Alemã and Giz and DGRV},
  year         = 2018,
  address      = {Brasília, DF - Brasil},
  isbn         = {978-85-00000-00-0},
  howpublished = {Available at: \url{https://www.ocb.org.br/publicacoes}},
  note         = {Apoio: Aneel, Ideal.}
}

@article{vangulick2018,
    AUTHOR = {David Vangulick and Bertrand Cornélusse and Damien Ernst},
    TITLE = {Blockchain for peer-to-peer energy exchanges: design and recommendations},
    JOURNAL = {Proceedings of the XX Power Systems Computation Conference (PSCC2018)},
    YEAR = {2018},
    URL = {http://hdl.handle.net/2268/220759},
    DOI = {http://dx.doi.org/10.23919/PSCC.2018.8443042},
    note = {Accessed on Jan 4, 2019.}
}

@INPROCEEDINGS{kounelis2017, 
    author={I. Kounelis and G. Steri and R. Giuliani and D. Geneiatakis and R. Neisse and I. Nai-Fovino}, 
    booktitle={2017 International Conference in Energy and Sustainability in Small Developing Economies (ES2DE)}, 
    title={Fostering consumers' energy market through smart contracts}, 
    year={2017}, 
    volume={}, 
    number={}, 
    pages={1-6},
    doi={10.1109/ES2DE.2017.8015343}, 
    ISSN={}, 
    month={July},
    note = {Accessed on Jan 4, 2019.}
}

@article{wang2018,
    AUTHOR = {Wang, Ning and Xu, Weisheng and Xu, Zhiyu and Shao, Weihui},
    TITLE = {Peer-to-Peer Energy Trading among Microgrids with Multidimensional Willingness},
    JOURNAL = {Energies},
    VOLUME = {11},
    YEAR = {2018},
    NUMBER = {12},
    ARTICLE-NUMBER = {3312},
    URL = {http://www.mdpi.com/1996-1073/11/12/3312},
    ISSN = {1996-1073},
    DOI = {10.3390/en11123312},
    note = {Accessed on Jan 4, 2019.}
}

@article{andoni2019,
    title = "Blockchain technology in the energy sector: A systematic review of challenges and opportunities",
    journal = "Renewable and Sustainable Energy Reviews",
    volume = "100",
    pages = "143 - 174",
    year = "2019",
    issn = "1364-0321",
    doi = "https://doi.org/10.1016/j.rser.2018.10.014",
    url = "http://www.sciencedirect.com/science/article/pii/S1364032118307184",
    author = "Merlinda Andoni and Valentin Robu and David Flynn and Simone Abram and Dale Geach and David Jenkins and Peter McCallum and Andrew Peacock",
    note = {Accessed on Jan 4, 2019.}
}

@INPROCEEDINGS{mihaylov2014, 
    author={M. Mihaylov and S. Jurado and N. Avellana and K. Van Moffaert and I. M. de Abril and A. Nowé}, 
    booktitle={11th International Conference on the European Energy Market (EEM14)}, 
    title={NRGcoin: Virtual currency for trading of renewable energy in smart grids}, 
    year={2014}, 
    volume={}, 
    number={}, 
    pages={1-6},
    doi={10.1109/EEM.2014.6861213}, 
    ISSN={2165-4093}, 
    month={May},
    note = {Accessed on Aug 21, 2018.},
}

@article{magnasco2016,
    title = "Data Services for Real Time Optimization of DC Nanogrids with Organic Growth",
    journal = "Energy Procedia",
    volume = "103",
    pages = "369 - 374",
    year = "2016",
    note = "Renewable Energy Integration with Mini/Microgrid – Proceedings of REM2016",
    issn = "1876-6102",
    doi = "https://doi.org/10.1016/j.egypro.2016.11.301",
    url = "http://www.sciencedirect.com/science/article/pii/S1876610216315119",
    author = "Annika Magnasco and Hannes Kirchhoff and Shahriar Chowdhury and Sebastian Groh",
    keywords = "Swarm electrification, Direct current nanogrid, Internet of things, Remote data analytics, Bangladesh",
    abstract = "In the context of the rural electrification challenge, sharing-based nanogrids represent an innovative approach for affordable and sustainable electricity. The peer-to-peer topology of these nanogrids is targeted at organic growth and thus requires real time monitoring and optimization. A data analysis tool has been developed, aiming at achieving an efficient power flow and real time optimization of generation, storage, load and distribution capacities. This paper elaborates the core algorithms of the network topology optimization and provides first results based on data from a pilot nanogrid in Bangladesh."
}

@unpublished{vitalik2014,
    author      = {Vitalik Buterin},
    title       = {On Silos},
    day         = {30},
    month       = {12},
    year        = {2014},
    howpublished    = {Available at: \url{https://blog.ethereum.org/2014/12/31/silos/}},
    note            = {Accessed on November, 4 2018.}
}

@article{kamphuis2008,
    author      = {M. P. F. Hommelberg and B. J. van der Velde and C. J. Warmer and I. G. Kamphuis and J. K. Kok},
    booktitle   = {Conversion and Delivery of Electrical Energy in the 21st Century},
    title       = {A novel architecture for real-time operation of multi-agent based coordination of demand and supply},
    journal     = {2008 IEEE Power and Energy Society General Meeting},
    year        = {2008},
    pages       = {1-5},
    doi         = {10.1109/PES.2008.4596531},
    ISSN        = {1932-5517},
    month       = {July}
}

@book{book:p2p-wiley,
   title =     {Mobile Peer to Peer (P2P): A Tutorial Guide},
   author =    {Frank H. P. Fitzek and Hassan Charaf},
   publisher = {Wiley},
   isbn =      {0470699922,9780470699928},
   year =      {2009},
   series =    {},
   edition =   {1},
   volume =    {},
   note =      {Wiley Series on Communications Networking & Distributed Systems}
}

@book{book:net-sys,
   title =     {Computer Networks: A Systems Approach},
   author =    {Larry L. Peterson and Bruce S. Davie},
   publisher = {Elsevier},
   isbn =      {0123850592,9780123850591},
   year =      {2011},
   series =    {},
   edition =   {5},
   volume =    {}
}

@book{book:p2p-mob,
   title =     {P2P Techniques for Decentralized Applications},
   author =    {Esther Pacitti and Reza Akbarinia and Manal El-Dick},
   publisher = {Morgan \& Claypool Publishers},
   isbn =      {1608458229,9781608458226},
   year =      {2012},
   series =    {Synthesis Lectures on Data Management},
   edition =   {},
   volume =    {}
}

--------------------------------------------------------------------

@unpublished{satoshi2009,
  author       = {Satoshi Nakamoto},
  title        = {Bitcoin: A Peer-to-Peer Electronic Cash System},
  year         = 2009,
  howpublished = {Available at: \url{https://bitcoin.org/en/bitcoin-paper}},
  note         = {Accessed on September 13, 2017.}
}

@techreport{ideal2017,
  author       = {Philipp Hahn and Taynara Reisner Mighelão},
  title        = {The Brazilian Market Of Distributed Solar PV Generation – Annual Report 2017},
  institution  = {{Instituto para o Desenvolvimento de Energias Alternativas na América Latina (IDEAL Institute)} and {Câmara de Comércio e Indústria Brasil-Alemanha (AHK-RJ)}},
  year         = 2017,
  month        = 8,
  howpublished = {Available at: \url{https://issuu.com/idealeco_logicas/docs/estudoidealmercadofv2017_en_web}},
  note         = {Accessed on October, 2017.}
}

@techreport{epe2014,
  author       = {{EMPRESA DE PESQUISA ENERGÉTICA}},
  title        = {Inserção da Geração Fotovoltaica Distribuída no Brasil: Condicionantes e Impactos},
  institution  = {Ministério de Minas e Energia (MME)},
  year         = 2014,
  address      = {Rio de Janeiro},
  month        = 10,
  howpublished = {Available at: \url{http://www.epe.gov.br/sites-pt/publicacoes-dados-abertos/publicacoes/PublicacoesArquivos/publicacao-251/topico-311/DEA\%2019\%20-\%20\%20Inserção\%20da\%20Geração\%20Fotovoltaica\%20Distribuída\%20no\%20Brasil\%20-\%20Condicionantes\%20e\%20Impactos\%20VF\%20\%20(Revisada)[1].pdf}},
  note         = {Série Recursos Energéticos, nota técnica DEA 19/14. Accessed on October 2, 2017.}
}

@article{singh2017,
  author  		= {Jatinder Singh and Johan David Michels}, 
  title   		= {Blockchain As a Service: Providers and Trust},
  institution	= {Queen Mary School of Law Legal Studies Research},
  number  		= {269/2017},
  year    		= 2017,
  month   		= 12,
  day			= 20,
  howpublished	= {Available at: \url{https://ssrn.com/abstract=3091223}},
  note			= {Accessed on March 20, 2018.}
}

@article{peck2017,
  author		= {Morgen E. Peck}, 
  title			= {BLOCKCHAIN WORLD - Special Report},
  journal		= {IEEE Spectrum International},
  year			= 2017,
  month			= 8,
  issn			= {0018-9235},
  howpublished	= {Available at: \url{https://spectrum.ieee.org/magazine/2017/October}},
  note			= {Accessed on October 3, 2017.}
}

@book{book:bitcoin,
   title =     {Mastering Bitcoin},
   author =    {Andreas M. Antonopoulos},
   publisher = {O'Reilly Media, Inc.},
   isbn =      {9781491902639},
   year =      {2014},
   month =		{12},
   howpublished = {Available at: \url{https://www.safaribooksonline.com/library/view/mastering-bitcoin/9781491902639/}},
   note         = {Accessed on December 20, 2017.}
}

@misc{LFS171x,
  author       = {{LINUX FOUNDATION}},
  title        = {Blockchain for Business: An Introduction to Hyperledger Technologies},
  institution  = {LinuxFoundationX},
  howpublished = {Available at: \url{https://www.edx.org/course/blockchain-business-introduction-linuxfoundationx-lfs171x}},
  month        = 7,
  year         = 2017,
  note         = {Massive Open Online Course (MOOC) at Edx platform.}
}

@techreport{itu2017,
  author       = {Leon Perlman}, 
  title        = {Distributed Ledger Technologies and Financial Inclusion},
  institution  = {ITU-T Focus Group Digital Financial Services},
  year         = 2017,
  howpuplished = {Available at: \url{https://www.itu.int/en/ITU-T/focusgroups/dfs/Pages/default.aspx}},
  month        = 2,
  note         = {Accessed on March 20, 2018.}
}

@INPROCEEDINGS{xu2017, 
    author={X. Xu and I. Weber and M. Staples and L. Zhu and J. Bosch and L. Bass and C. Pautasso and P. Rimba}, 
    booktitle={2017 IEEE International Conference on Software Architecture (ICSA)}, 
    title={A Taxonomy of Blockchain-Based Systems for Architecture Design}, 
    year={2017}, 
    volume={}, 
    number={}, 
    pages={243-252}, 
    keywords={software architecture;blockchain architectural characteristics;blockchain-based system quality attributes;blockchain-based system taxonomy;distributed software architectures;transactional data sharing;Contracts;Cryptography;Government;Online banking;Peer-to-peer computing;Software architecture;Taxonomy;Distributed databases;Software architecture}, 
    doi={10.1109/ICSA.2017.33}, 
    ISSN={}, 
    month={April},
    note = {Accessed on April 16, 2018.}
}

@INPROCEEDINGS{rimba2017, 
    author={P. Rimba and A. B. Tran and I. Weber and M. Staples and A. Ponomarev and X. Xu}, 
    booktitle={2017 IEEE International Conference on Software Architecture (ICSA)}, 
    title={Comparing Blockchain and Cloud Services for Business Process Execution}, 
    year={2017}, 
    volume={}, 
    number={}, 
    pages={257-260}, 
    keywords={business data processing;costing;distributed databases;organisational aspects;storage management;blockchain-based systems;business process execution;cloud services;cross-organizational settings;execution cost;magnitude difference order;software system development;storage;Computational modeling;Contracts;Mathematical model;Payloads;Software;Software architecture;blockchain;business process;cloud;cost;design}, 
    doi={10.1109/ICSA.2017.44}, 
    ISSN={}, 
    month={April},
	note = {Accessed on April 16, 2018.}
}

@INPROCEEDINGS{butg2017,
    author={L. Butgereit and C. Martinus}, 
    booktitle={2017 Conference on Information Communication Technology and Society (ICTAS)}, 
    title={A comparison of two blockchain architectures for inspiring corporate excellence in South Africa}, 
    year={2017}, 
    volume={}, 
    number={}, 
    pages={1-6}, 
    keywords={cryptography;distributed databases;electronic money;public domain software;Ethereum blockchain;South Africa;blockchain architectures;complementary currencies;corporate excellence;crypto-currency;Computer architecture;Computer languages;Contracts;Cryptography;Economics;Electronic mail;Gold;Ethereum;blockchain}, 
    doi={10.1109/ICTAS.2017.7920656}, 
    ISSN={}, 
    month={March},
    note = {Accessed on April 16, 2018.}
}

@INPROCEEDINGS{marco2017,
    author={M. Conoscenti and A. Vetrò and J. C. De Martin}, 
    booktitle={2017 IEEE/ACM 39th International Conference on Software Engineering Companion (ICSE-C)}, 
    title={Peer to Peer for Privacy and Decentralization in the Internet of Things}, 
    year={2017}, 
    volume={}, 
    number={}, 
    pages={288-290}, 
    keywords={Internet of Things;data privacy;peer-to-peer computing;Internet of Things;blockchain;decentralized private-by-design IoT;peer-to-peer storage networks;personal IoT devices;privacy;Bitcoin;Companies;Data privacy;Internet of Things;Peer-to-peer computing;Scalability;blockchain;internet of things;peer to peer;privacy}, 
    doi={10.1109/ICSE-C.2017.60}, 
    ISSN={}, 
    month={May},
    note = {Accessed on April 16, 2018.}
}

@INPROCEEDINGS{xu2016, 
    author={X. Xu and C. Pautasso and L. Zhu and V. Gramoli and A. Ponomarev and A. B. Tran and S. Chen}, 
    booktitle={2016 13th Working IEEE/IFIP Conference on Software Architecture (WICSA)}, 
    title={The Blockchain as a Software Connector}, 
    year={2016}, 
    volume={}, 
    number={}, 
    pages={182-191}, 
    keywords={data handling;distributed processing;software architecture;software quality;architectural decision;decentralized blockchain;decentralized data sharing;design trade-offs;distributed software architectures;quality attributes;software connector;transactional data sharing;untrusted participants;Australia;Connectors;Contracts;Cryptography;Online banking;Peer-to-peer computing;Software;Architecture connector;Blockchain;Design;Trade-off}, 
    doi={10.1109/WICSA.2016.21}, 
    ISSN={}, 
    month={April},
    note = {Accessed on April 16, 2018.}
}

@mastersthesis{lud2007,
  author		= {Ludimila Lima da Silva}, 
  title			= {The electricity generation sector in Brazil: the perception of regulatory and environmental risk},
  school		= {The George Washington University},
  year			= 2007,
  address		= {Washington, DC},
  month			= 12,
  howpublished	= {Available at \url{http://www.aneel.gov.br/trabalhos-academicos}},
  note			= {Accessed on April 9, 2018.}
}

@book{book:klein,
   title =     {Sources of Power: How People Make Decisions},
   author =    {Gary A. Klein},
   publisher = {The MIT Press},
   isbn =      {0262534290,9780262534291},
   year =      {2017},
   series =    {},
   edition =   {Reprint},
   volume =    {}}
   
@techreport{pwc2016,
  author       = {{PwC}},
  title        = {Blockchain – an opportunity for energy producers and consumers?},
  publisher    = {{PricewaterhouseCoopers (PwC)}},
  institution  = {PwC global power & utilities},
  year         = 2016,
  howpublished = {Available at \url{https://www.pwc.com/gx/en/industries/energy-utilities-resources/publications/opportunity-for-energy-producers.html}},
  note         = {Accessed on April 11, 2017.}
}

@techreport{don2017,
  author       = {Don Tapscott and Alex Tapscott}, 
  title        = {The blockchain corridor: Building an Innovation Economy in the 2nd Era of the Internet},
  institution  = {The Tapscott Group},
  year         = 2017,
  address      = {Canada},
  month        = 2,
  howpublished = {Available at \url{http://dontapscott.com/BlockchainCorridorReport.pdf}},
  note         = {Accessed on February 12, 2018.}
}

@techreport{sven2013,
  author       = {Sven Heiligtag and Thomas Poppensieker and Jens Wimschulte}, 
  title        = {Next-generation energy trading - An opportunity to optimize},
  institution  = {McKinsey & Company},
  year         = 2013,
  number	   = 47,
  month        = 5,
  howpublished = {Available at \url{https://www.mckinsey.com/business-functions/risk/our-insights/next-generation-energy-trading-an-opportunity-to-optimize}},
  note         = {McKinsey Working Papers on Risk. Accessed on January 31, 2018.}}
  
@article{MAGNASCO2016369,
title = "Data Services for Real Time Optimization of DC Nanogrids with Organic Growth",
journal = "Energy Procedia",
volume = "103",
pages = "369 - 374",
year = "2016",
note = "Renewable Energy Integration with Mini/Microgrid – Proceedings of REM2016",
issn = "1876-6102",
doi = "10.1016/j.egypro.2016.11.301",
author = "Annika Magnasco and Hannes Kirchhoff and Shahriar Chowdhury and Sebastian Groh",
}